<DATE>;<TIME>;<LAST>;<VOL>;<ID>;<OPER>
20240507;095958;1221.8;1;10297374352;B
20240507;095958;1221.8;1;10297374353;B
20240507;095958;1221.8;2;10297374354;B
20240507;095958;1221.8;1;10297374355;B
20240507;095958;1221.8;13;10297374356;S
20240507;095958;1221.8;5;10297374357;B
20240507;095958;1221.8;4;10297374358;B
20240507;095958;1221.8;1;10297374359;B
20240507;095958;1221.8;1;10297374360;B
20240507;095958;1221.8;2;10297374361;B
20240507;095958;1221.8;1;10297374362;B
20240507;095958;1221.8;1;10297374363;B
20240507;095958;1221.8;20;10297374364;S
20240507;095958;1221.8;1;10297374365;B
20240507;095958;1221.8;5;10297374366;B
20240507;095958;1221.8;1;10297374367;B
20240507;095958;1221.8;1;10297374368;B
20240507;095958;1221.8;2;10297374369;B
20240507;095958;1221.8;1;10297374370;B
20240507;095958;1221.8;11;10297374371;B
20240507;095958;1221.8;2;10297374372;B
20240507;095958;1221.8;25;10297374373;B
20240507;095958;1221.8;1;10297374374;B
20240507;095958;1221.8;6;10297374375;B
20240507;095958;1221.8;1;10297374376;B
20240507;095958;1221.8;10;10297374377;B
20240507;095958;1221.8;8;10297374378;B
20240507;095958;1221.8;36;10297374379;B
20240507;095958;1221.8;341;10297374380;B
20240507;095958;1221.8;1;10297374381;B
20240507;095958;1221.8;1;10297374382;B
20240507;095958;1221.8;9;10297374383;B
20240507;095958;1221.8;2;10297374384;B
20240507;095958;1221.8;5;10297374385;B
20240507;095958;1221.8;3;10297374386;B
20240507;095958;1221.8;2;10297374387;B
20240507;095958;1221.8;14;10297374388;B
20240507;095958;1221.8;76;10297374389;B
20240507;095958;1221.8;1;10297374390;B
20240507;095958;1221.8;5;10297374391;B
20240507;095958;1221.8;1;10297374392;B
20240507;095958;1221.8;23;10297374393;B
20240507;095958;1221.8;1;10297374394;B
20240507;095958;1221.8;7;10297374395;B
20240507;095958;1221.8;8;10297374396;S
20240507;095958;1221.8;1;10297374397;S
20240507;095958;1221.8;1;10297374398;S
20240507;095958;1221.8;1;10297374399;S
20240507;095958;1221.8;100;10297374400;S
20240507;095958;1221.8;6;10297374401;S
20240507;095958;1221.8;15;10297374402;S
20240507;095958;1221.8;1;10297374403;S
20240507;095958;1221.8;5;10297374404;S
20240507;095958;1221.8;8;10297374405;S
20240507;095958;1221.8;381;10297374406;S
20240507;095958;1221.8;1;10297374407;B
20240507;095958;1221.8;13;10297374408;B
20240507;095958;1221.8;2;10297374409;B
20240507;095958;1221.8;3;10297374410;B
20240507;095958;1221.8;8;10297374411;B
20240507;095958;1221.8;9;10297374412;B
20240507;095958;1221.8;1;10297374413;B
20240507;095958;1221.8;3;10297374414;B
20240507;095958;1221.8;4;10297374415;B
20240507;095958;1221.8;116;10297374416;B
20240507;095958;1221.8;18;10297374417;B
20240507;095958;1221.8;1;10297374418;B
20240507;095958;1221.8;8;10297374419;B
20240507;095958;1221.8;1;10297374420;B
20240507;095958;1221.8;1;10297374421;B
20240507;100000;1222;16;10297374655;B
20240507;100000;1222;37;10297374656;B
20240507;100000;1222;43;10297374657;B
20240507;100000;1222;204;10297374658;B
20240507;100000;1222;100;10297374720;B
20240507;100000;1222;96;10297374840;B
20240507;100000;1222.2;12;10297375260;B
20240507;100000;1222.2;1;10297375692;B
20240507;100001;1222.2;37;10297375883;B
20240507;100001;1223;100;10297375986;B
20240507;100001;1223.2;32;10297376002;B
20240507;100001;1223.2;9;10297376443;B
20240507;100002;1222.6;5;10297376858;S
20240507;100002;1223.2;68;10297377095;B
20240507;100002;1223.6;37;10297377096;B
20240507;100002;1223.8;57;10297377097;B
20240507;100002;1224;3;10297377098;B
20240507;100002;1224.4;35;10297377099;B
20240507;100002;1224.4;4;10297377101;B
20240507;100002;1224.4;100;10297377102;B
20240507;100002;1224.8;9;10297377244;B
20240507;100002;1224.6;100;10297377375;B
20240507;100003;1223.6;1;10297377642;S
20240507;100003;1223.6;1;10297377646;S
20240507;100003;1224.6;1;10297377744;B
20240507;100003;1224.6;3;10297378134;B
20240507;100004;1224.2;1;10297378450;S
20240507;100004;1223.8;1;10297378492;S
20240507;100004;1224.2;13;10297378844;S
20240507;100004;1223.8;7;10297378845;S
20240507;100004;1224.6;1;10297379188;B
20240507;100004;1224.6;1;10297379189;B
20240507;100004;1224.6;8;10297379214;B
20240507;100004;1224;5;10297379215;S
20240507;100005;1224;1;10297379285;S
20240507;100005;1224;1;10297379386;S
20240507;100005;1224;6;10297379557;S
20240507;100005;1224.2;1;10297379749;B
20240507;100005;1224.2;1;10297379753;B
20240507;100005;1223.8;1;10297379779;S
20240507;100005;1223.8;1;10297380702;S
20240507;100005;1224.6;2;10297380777;B
20240507;100005;1224.6;1;10297380779;B
20240507;100005;1224.6;5;10297380787;B
20240507;100006;1223.8;10;10297381177;S
20240507;100006;1223.8;1;10297381251;S
20240507;100006;1223.8;1;10297381293;S
20240507;100006;1223.8;1;10297381644;S
20240507;100006;1224.6;7;10297381646;B
20240507;100006;1224.6;3;10297381647;B
20240507;100006;1224.6;1;10297381648;B
20240507;100006;1223.8;1;10297382347;S
20240507;100006;1224.4;2;10297382348;B
20240507;100007;1223.8;12;10297382548;S
20240507;100007;1223.4;8;10297382549;S
20240507;100007;1224.4;1;10297382550;B
20240507;100007;1223.4;1;10297382612;S
20240507;100007;1223.4;1;10297382641;S
20240507;100007;1224.4;2;10297383233;B
20240507;100007;1224.4;2;10297383236;B
20240507;100007;1224.4;1;10297383519;B
20240507;100008;1223.6;1;10297383821;S
20240507;100008;1223.6;1;10297383874;S
20240507;100008;1223.6;1;10297383973;S
20240507;100008;1224.4;5;10297384325;B
20240507;100008;1224.6;5;10297384326;B
20240507;100008;1224.6;1;10297384536;B
20240507;100008;1224.6;1;10297384537;B
20240507;100008;1224.6;1;10297384538;B
20240507;100008;1224.6;1;10297384539;B
20240507;100008;1224.6;1;10297384543;B
20240507;100009;1223.4;1;10297384727;S
20240507;100009;1223.4;1;10297384828;S
20240507;100009;1224.6;8;10297384855;B
20240507;100010;1225;5;10297385117;B
20240507;100010;1225;4;10297385118;B
20240507;100010;1225;50;10297385119;B
20240507;100010;1225;1;10297385120;B
20240507;100010;1225;32;10297385121;B
20240507;100010;1225;78;10297385123;B
20240507;100010;1225;1;10297385124;B
20240507;100010;1225;16;10297385125;B
20240507;100010;1225;1;10297385126;B
20240507;100010;1225;4;10297385127;B
20240507;100010;1224.2;1;10297385207;S
20240507;100010;1224.2;1;10297385228;S
20240507;100010;1224.8;1;10297385298;B
20240507;100010;1225;142;10297385299;B
20240507;100010;1225.2;2;10297385300;B
20240507;100010;1225.2;1;10297385301;B
20240507;100010;1225.2;21;10297385302;B
20240507;100010;1225.8;99;10297385303;B
20240507;100010;1225.8;2;10297385304;B
20240507;100010;1226;136;10297385305;B
20240507;100010;1224.4;21;10297385326;S
20240507;100010;1225;1;10297385543;B
20240507;100010;1225.2;1;10297385618;B
20240507;100010;1225.4;2;10297385619;B
20240507;100010;1224.6;1;10297385666;S
20240507;100011;1225.4;79;10297385729;B
20240507;100011;1224.6;12;10297385746;S
20240507;100011;1224.4;1;10297385801;S
20240507;100011;1224.4;1;10297385822;S
20240507;100011;1225;1;10297385854;B
20240507;100011;1225;3;10297385952;B
20240507;100012;1224;1;10297386501;S
20240507;100012;1224;1;10297386646;S
20240507;100013;1224;1;10297386906;S
20240507;100013;1224.2;1;10297386986;S
20240507;100013;1224.2;5;10297387092;S
20240507;100014;1224.2;2;10297387186;S
20240507;100014;1224.2;1;10297387226;S
20240507;100014;1224.2;1;10297387282;S
20240507;100015;1224.8;10;10297387488;B
20240507;100015;1224.2;1;10297387516;S
20240507;100016;1224;1;10297387783;S
20240507;100017;1224;2;10297388049;S
20240507;100017;1224;1;10297388073;S
20240507;100018;1224.6;1;10297388427;S
20240507;100018;1224.8;3;10297388508;B
20240507;100018;1225;7;10297388509;B
20240507;100018;1225;1;10297388526;B
20240507;100019;1225;1;10297388693;B
20240507;100019;1224.4;1;10297388760;S
20240507;100019;1225;1;10297388833;B
20240507;100020;1224.4;1;10297389158;S
20240507;100020;1225;1;10297389251;B
20240507;100021;1224.4;1;10297389514;S
20240507;100021;1225;1;10297389584;B
20240507;100022;1224.4;1;10297389852;S
20240507;100022;1225;1;10297389948;B
20240507;100022;1225;1;10297389964;B
20240507;100023;1225;1;10297390254;B
20240507;100023;1224.4;4;10297390265;S
20240507;100023;1225;1;10297390323;B
20240507;100023;1225;99;10297390324;B
20240507;100023;1225.2;77;10297390325;B
20240507;100023;1224.4;1;10297390326;S
20240507;100023;1225;1;10297390410;B
20240507;100024;1224.4;1;10297390714;S
20240507;100024;1225;1;10297390737;B
20240507;100024;1225;1;10297390755;B
20240507;100024;1225;1;10297390828;B
20240507;100025;1225;4;10297390837;B
20240507;100025;1225.2;73;10297390901;B
20240507;100025;1225.2;19;10297390902;B
20240507;100025;1225.4;21;10297390903;B
20240507;100025;1225.6;81;10297391008;B
20240507;100025;1225.8;37;10297391020;B
20240507;100025;1225.8;44;10297391098;B
20240507;100025;1225.8;2;10297391099;B
20240507;100025;1226;25;10297391191;B
20240507;100025;1226;1;10297391192;B
20240507;100025;1226;2;10297391193;B
20240507;100025;1226;10;10297391194;B
20240507;100025;1226;60;10297391195;B
20240507;100025;1226;1;10297391196;B
20240507;100025;1226;81;10297391197;B
20240507;100025;1226.2;100;10297391301;B
20240507;100025;1226.2;1;10297391302;B
20240507;100025;1226.2;20;10297391303;B
20240507;100025;1226.4;3;10297391370;B
20240507;100025;1226.4;5;10297391371;B
20240507;100025;1226.4;100;10297391372;B
20240507;100025;1226.4;195;10297391373;B
20240507;100025;1226.4;62;10297391418;S
20240507;100025;1226.6;245;10297391439;B
20240507;100025;1226.6;355;10297391440;B
20240507;100025;1226.6;45;10297391493;B
20240507;100025;1226.8;245;10297391555;B
20240507;100025;1226.8;5;10297391556;B
20240507;100025;1226.8;10;10297391557;B
20240507;100025;1226.8;164;10297391558;B
20240507;100025;1227;245;10297391615;B
20240507;100025;1227;26;10297391616;B
20240507;100025;1227;3;10297391617;B
20240507;100025;1227;326;10297391618;B
20240507;100025;1226.8;100;10297391790;S
20240507;100025;1226.8;1;10297392017;S
20240507;100025;1227;1;10297392055;B
20240507;100026;1227;73;10297392209;B
20240507;100026;1227;1;10297392210;B
20240507;100026;1227;26;10297392211;B
20240507;100026;1226.8;5;10297392217;S
20240507;100026;1226.8;40;10297392332;S
20240507;100026;1226.6;16;10297392333;S
20240507;100026;1226.8;1;10297392524;S
20240507;100026;1226.6;2;10297392534;S
20240507;100026;1226.6;6;10297392570;S
20240507;100026;1226.6;1;10297392670;S
20240507;100026;1226.8;1;10297392702;B
20240507;100027;1226.8;1;10297392748;B
20240507;100027;1226.8;1;10297393085;B
20240507;100028;1226.6;1;10297393301;S
20240507;100028;1226.6;35;10297393361;S
20240507;100028;1226.6;13;10297393362;S
20240507;100028;1226.4;8;10297393363;S
20240507;100028;1226.6;23;10297393436;B
20240507;100028;1226.6;77;10297393437;B
20240507;100029;1226.4;1;10297393499;S
20240507;100029;1226.2;13;10297393501;B
20240507;100029;1226.4;99;10297393502;B
20240507;100029;1226.6;2;10297393609;B
20240507;100030;1226.6;1;10297393853;S
20240507;100030;1226.6;1;10297393968;B
20240507;100031;1226.2;13;10297394184;S
20240507;100031;1226.2;27;10297394185;S
20240507;100031;1226.2;150;10297394188;B
20240507;100031;1226.2;13;10297394189;B
20240507;100031;1225.8;50;10297394193;S
20240507;100031;1226;1;10297394227;S
20240507;100031;1226;145;10297394232;S
20240507;100031;1225.8;300;10297394392;S
20240507;100032;1225.6;1;10297394546;S
20240507;100032;1225.6;1;10297394802;S
20240507;100032;1225.6;198;10297394889;S
20240507;100032;1225.6;13;10297394890;S
20240507;100032;1225.6;146;10297394891;S
20240507;100033;1225.2;1;10297395193;S
20240507;100033;1225.2;1;10297395304;S
20240507;100033;1225.2;79;10297395516;S
20240507;100033;1225;81;10297395527;S
20240507;100033;1224.8;81;10297395528;S
20240507;100033;1224.8;600;10297395529;S
20240507;100033;1224.8;146;10297395530;S
20240507;100033;1224.6;81;10297395531;S
20240507;100033;1224.4;11;10297395532;S
20240507;100034;1224.4;1;10297395700;S
20240507;100034;1224.4;1;10297395774;S
20240507;100035;1224.4;1;10297396071;S
20240507;100035;1224.4;1;10297396154;S
20240507;100035;1224.4;77;10297396200;S
20240507;100035;1224.4;67;10297396201;S
20240507;100035;1224.4;14;10297396368;S
20240507;100036;1224.4;1;10297396428;S
20240507;100036;1224.4;1;10297396505;S
20240507;100036;1224.4;5;10297396539;S
20240507;100037;1224.4;1;10297396741;S
20240507;100038;1224.4;1;10297397116;S
20240507;100038;1224.4;7;10297397134;S
20240507;100038;1224.4;51;10297397180;S
20240507;100038;1224.2;1;10297397181;S
20240507;100038;1224.2;81;10297397182;S
20240507;100038;1224.2;8;10297397183;S
20240507;100038;1224.2;1;10297397219;S
20240507;100038;1224.4;3;10297397292;B
20240507;100039;1224.2;1;10297397399;S
20240507;100039;1224.4;2;10297397416;B
20240507;100040;1224.2;1;10297397851;S
20240507;100041;1224.2;54;10297398141;S
20240507;100041;1224.2;1;10297398170;S
20240507;100041;1224.4;10;10297398325;B
20240507;100042;1224.4;1;10297398403;B
20240507;100042;1224.2;1;10297398469;S
20240507;100043;1224.2;1;10297398874;S
20240507;100043;1224.4;1;10297398993;B
20240507;100044;1224.2;1;10297399128;S
20240507;100044;1224.4;1;10297399277;B
20240507;100045;1224.2;1;10297399470;S
20240507;100045;1224.4;1;10297399642;B
20240507;100046;1224.2;1;10297399826;S
20240507;100046;1224.4;1;10297399964;B
20240507;100047;1224.2;1;10297400114;S
20240507;100048;1224.4;1;10297400275;B
20240507;100049;1224.4;1;10297400562;B
20240507;100049;1224.4;1;10297400632;B
20240507;100050;1224.4;1;10297400894;B
20240507;100051;1224.4;1;10297401160;B
20240507;100051;1224.4;1;10297401359;B
20240507;100052;1224.4;1;10297401476;B
20240507;100052;1224.4;1;10297401576;B
20240507;100053;1224.2;1;10297401806;S
20240507;100053;1224.4;1;10297401850;B
20240507;100053;1224.4;1;10297401920;B
20240507;100054;1224.4;1;10297402174;B
20240507;100054;1224.4;200;10297402205;B
20240507;100054;1224.2;16;10297402220;S
20240507;100054;1224.2;33;10297402221;S
20240507;100054;1224.2;31;10297402222;S
20240507;100054;1224.4;1;10297402231;B
20240507;100055;1224.2;1;10297402380;S
20240507;100055;1224.4;1;10297402484;B
20240507;100055;1224.2;25;10297402558;S
20240507;100055;1224.4;1;10297402561;B
20240507;100056;1224.4;1;10297402864;B
20240507;100056;1224.4;1;10297402899;B
20240507;100056;1224.4;1;10297402946;B
20240507;100057;1224.4;1;10297403147;B
20240507;100057;1224.4;1;10297403224;B
20240507;100058;1224.4;1;10297403406;B
20240507;100058;1224.4;1;10297403450;B
20240507;100059;1224.2;34;10297403568;S
20240507;100059;1224.2;1;10297403569;S
20240507;100059;1224.2;1;10297403570;S
20240507;100059;1224.2;14;10297403571;S
20240507;100059;1224.4;1;10297403596;B
20240507;100059;1224.4;1;10297403669;B
20240507;100100;1224.4;5;10297403853;B
20240507;100100;1224.4;1;10297403987;B
20240507;100100;1224.4;1;10297404037;B
20240507;100100;1224.2;1;10297404116;S
20240507;100101;1224.4;2;10297404290;B
20240507;100101;1224.4;1;10297404291;B
20240507;100101;1224.4;1;10297404321;B
20240507;100102;1224.2;4;10297404445;S
20240507;100102;1224.4;1;10297404556;B
20240507;100102;1224.4;1;10297404564;B
20240507;100103;1224.2;62;10297404612;S
20240507;100103;1224;81;10297404613;S
20240507;100103;1224;100;10297404614;S
20240507;100103;1224;13;10297404615;S
20240507;100103;1224.2;1;10297404725;B
20240507;100103;1224.2;1;10297404750;B
20240507;100103;1224.2;10;10297404791;B
20240507;100104;1224.2;1;10297404957;B
20240507;100104;1224.2;1;10297404974;B
20240507;100105;1224.2;1;10297405187;B
20240507;100105;1224.2;1;10297405207;B
20240507;100106;1224;1;10297405366;B
20240507;100106;1224;1;10297405381;B
20240507;100107;1224;1;10297405588;B
20240507;100107;1224;1;10297405590;B
20240507;100108;1224;1;10297405796;B
20240507;100108;1224;1;10297405797;B
20240507;100109;1223.8;1;10297405982;S
20240507;100109;1224;1;10297406031;B
20240507;100109;1224;1;10297406034;B
20240507;100110;1223.8;80;10297406231;S
20240507;100110;1223.8;1;10297406232;S
20240507;100110;1223.8;147;10297406233;S
20240507;100110;1223.6;22;10297406234;S
20240507;100110;1223.8;1;10297406336;B
20240507;100110;1223.8;1;10297406339;B
20240507;100111;1223.8;1;10297406456;B
20240507;100111;1223.6;1;10297406521;B
20240507;100111;1223.6;1;10297406526;B
20240507;100112;1223.6;7;10297406628;B
20240507;100112;1223.6;8;10297406725;B
20240507;100112;1223.6;81;10297406726;B
20240507;100112;1223.8;29;10297406727;B
20240507;100112;1224;5;10297406728;B
20240507;100112;1224;13;10297406729;B
20240507;100112;1224;64;10297406730;B
20240507;100112;1223.8;1;10297406839;B
20240507;100113;1223.8;1;10297406863;B
20240507;100113;1223.8;1;10297407143;B
20240507;100114;1223.8;1;10297407153;B
20240507;100114;1223.8;1;10297407365;B
20240507;100115;1223.8;1;10297407368;B
20240507;100115;1223.8;5;10297407473;B
20240507;100115;1224;75;10297407474;B
20240507;100116;1223.8;1;10297407642;B
20240507;100116;1223.8;1;10297407654;B
20240507;100117;1223.8;1;10297407959;B
20240507;100118;1223.8;1;10297408266;B
20240507;100119;1223.8;1;10297408511;B
20240507;100119;1223.4;1;10297408733;S
20240507;100119;1223.8;1;10297408741;B
20240507;100120;1223.8;1;10297408765;B
20240507;100120;1223.4;1;10297408995;S
20240507;100121;1224;1;10297409062;B
20240507;100121;1223.4;1;10297409206;S
20240507;100122;1223.8;1;10297409246;B
20240507;100123;1223.4;1;10297409415;S
20240507;100123;1223.8;1;10297409426;B
20240507;100123;1223.8;1;10297409448;B
20240507;100123;1223.4;9;10297409536;S
20240507;100124;1223.4;1;10297409622;S
20240507;100124;1223.8;1;10297409669;B
20240507;100125;1223.8;98;10297409799;B
20240507;100125;1224;2;10297409800;B
20240507;100125;1223.4;1;10297409807;S
20240507;100125;1224;1;10297409841;B
20240507;100125;1224;2;10297410015;B
20240507;100126;1223.4;1;10297410111;S
20240507;100126;1224;1;10297410128;B
20240507;100127;1223.4;1;10297410318;S
20240507;100127;1224;1;10297410337;B
20240507;100128;1223.4;24;10297410544;S
20240507;100128;1223.4;1;10297410593;S
20240507;100129;1223.4;1;10297410888;S
20240507;100129;1224;1;10297411027;B
20240507;100129;1224;1;10297411033;B
20240507;100130;1223.4;1;10297411107;S
20240507;100130;1224;1;10297411182;B
20240507;100130;1224;1;10297411193;B
20240507;100130;1224;3;10297411242;B
20240507;100130;1224;2;10297411244;B
20240507;100131;1223.4;1;10297411309;S
20240507;100131;1224;1;10297411363;B
20240507;100132;1223.4;1;10297411494;S
20240507;100132;1224;1;10297411555;B
20240507;100133;1223.4;1;10297411654;S
20240507;100133;1224;1;10297411753;B
20240507;100134;1223.4;1;10297411899;S
20240507;100134;1224;1;10297411941;B
20240507;100135;1223.4;1;10297412223;S
20240507;100135;1223.8;1;10297412300;B
20240507;100136;1223.4;1;10297412442;S
20240507;100136;1223.8;1;10297412511;B
20240507;100137;1224;1;10297412609;B
20240507;100137;1223.4;1;10297412649;S
20240507;100137;1223.8;1;10297412710;B
20240507;100138;1223.4;1;10297412970;S
20240507;100138;1223.8;1;10297413037;B
20240507;100139;1223.4;1;10297413287;S
20240507;100139;1223.8;1;10297413389;B
20240507;100140;1223.4;1;10297413560;S
20240507;100140;1223.8;1;10297413626;B
20240507;100141;1223.4;7;10297413742;S
20240507;100141;1223.2;24;10297413743;S
20240507;100141;1223.2;1;10297413874;S
20240507;100141;1223.6;1;10297414021;B
20240507;100142;1223.4;1;10297414194;S
20240507;100142;1223.6;1;10297414331;B
20240507;100143;1223.4;1;10297414532;S
20240507;100143;1223.6;5;10297414559;B
20240507;100143;1223.8;5;10297414560;B
20240507;100143;1223.8;1;10297414600;B
20240507;100144;1223.8;1;10297414635;B
20240507;100144;1223.4;1;10297414726;S
20240507;100144;1223.8;1;10297414818;B
20240507;100145;1223.4;1;10297415285;S
20240507;100145;1223.8;53;10297415359;B
20240507;100145;1223.8;99;10297415360;B
20240507;100145;1224;27;10297415361;B
20240507;100145;1224;164;10297415362;B
20240507;100145;1224;3;10297415363;B
20240507;100145;1224;300;10297415364;B
20240507;100145;1224;3;10297415365;B
20240507;100145;1224;14;10297415366;B
20240507;100145;1224;29;10297415367;B
20240507;100145;1224;2;10297415368;B
20240507;100145;1224.2;100;10297415369;B
20240507;100145;1224.2;206;10297415370;B
20240507;100145;1224.4;1;10297415450;B
20240507;100146;1223.6;1;10297415836;S
20240507;100146;1224.2;1;10297415958;B
20240507;100147;1223.6;1;10297416216;S
20240507;100148;1224.2;1;10297416300;B
20240507;100148;1223.6;1;10297416605;S
20240507;100149;1224;1;10297416668;B
20240507;100149;1223.6;1;10297416773;S
20240507;100150;1224;1;10297416868;B
20240507;100150;1223.6;1;10297416973;S
20240507;100151;1224;1;10297417035;B
20240507;100151;1223.6;1;10297417203;S
20240507;100151;1224;1;10297417206;B
20240507;100152;1224;1;10297417287;B
20240507;100152;1223.6;1;10297417471;S
20240507;100153;1224;1;10297417594;B
20240507;100153;1223.6;1;10297417709;S
20240507;100154;1223.8;1;10297417785;B
20240507;100154;1223.8;1;10297417940;B
20240507;100155;1223.8;1;10297418016;B
20240507;100155;1223.8;20;10297418074;B
20240507;100156;1223.8;1;10297418233;B
20240507;100156;1223.6;9;10297418306;S
20240507;100156;1223.4;16;10297418307;S
20240507;100156;1223.6;3;10297418339;S
20240507;100157;1223.8;1;10297418559;B
20240507;100158;1223.8;1;10297418810;B
20240507;100158;1223.8;1;10297418825;B
20240507;100159;1223.8;1;10297419021;B
20240507;100159;1223.8;1;10297419053;B
20240507;100200;1223.8;1;10297419323;B
20240507;100200;1223.8;1;10297419384;B
20240507;100201;1223.8;169;10297419666;B
20240507;100201;1224;1;10297419667;B
20240507;100201;1224;4;10297419668;B
20240507;100201;1224;28;10297419669;B
20240507;100201;1224.2;13;10297419670;B
20240507;100201;1224.6;1;10297419710;B
20240507;100201;1224.6;1;10297419772;B
20240507;100202;1224.6;1;10297420029;B
20240507;100202;1224.6;1;10297420091;B
20240507;100203;1224.6;1;10297420250;B
20240507;100203;1224.6;1;10297420262;B
20240507;100203;1224.6;1;10297420315;B
20240507;100204;1224.6;1;10297420440;B
20240507;100204;1224.6;1;10297420527;B
20240507;100205;1224.4;1;10297420698;B
20240507;100205;1224.4;1;10297420784;B
20240507;100206;1224.2;4;10297420914;S
20240507;100206;1224;1;10297420928;B
20240507;100206;1224;1;10297421040;B
20240507;100207;1224;162;10297421155;B
20240507;100207;1224;38;10297421156;B
20240507;100207;1224.2;1;10297421184;B
20240507;100207;1224.2;1;10297421233;B
20240507;100208;1224.2;1;10297421414;B
20240507;100208;1224.2;1;10297421473;B
20240507;100208;1224.2;99;10297421474;S
20240507;100208;1224.2;30;10297421475;S
20240507;100209;1224.2;1;10297421640;B
20240507;100209;1224.2;1;10297421731;B
20240507;100210;1224;2;10297421810;S
20240507;100210;1224.2;1;10297421842;B
20240507;100210;1224.2;1;10297421921;B
20240507;100211;1224.2;1;10297422057;B
20240507;100211;1224.2;1;10297422238;B
20240507;100212;1224.2;1;10297422439;B
20240507;100212;1224.2;1;10297422505;B
20240507;100213;1224.4;2;10297422537;B
20240507;100213;1224.4;1;10297422627;B
20240507;100213;1224.4;1;10297422762;B
20240507;100214;1224.6;1;10297422865;B
20240507;100214;1224.6;1;10297422950;B
20240507;100215;1224.6;1;10297423073;B
20240507;100216;1224.6;1;10297423162;B
20240507;100216;1224.6;1;10297423298;B
20240507;100217;1224.6;1;10297423354;B
20240507;100217;1224.6;34;10297423470;B
20240507;100217;1224.8;1;10297423482;B
20240507;100218;1224.8;1;10297423581;B
20240507;100218;1224.8;1;10297423797;B
20240507;100219;1224.6;21;10297423999;S
20240507;100219;1224.6;5;10297424000;S
20240507;100219;1224.8;1;10297424034;B
20240507;100220;1224.8;1;10297424250;B
20240507;100221;1224.8;1;10297424469;B
20240507;100221;1224.8;1;10297424489;B
20240507;100222;1224.8;1;10297424648;B
20240507;100223;1224.8;1;10297424835;B
20240507;100224;1224.8;1;10297425022;B
20240507;100225;1224.8;1;10297425049;B
20240507;100225;1224.8;1;10297425094;B
20240507;100225;1224.4;1;10297425215;S
20240507;100226;1224.8;1;10297425259;B
20240507;100226;1224.4;1;10297425476;S
20240507;100227;1224.8;1;10297425685;B
20240507;100227;1224.2;13;10297425696;S
20240507;100227;1224.2;31;10297425697;S
20240507;100227;1224.2;56;10297425698;S
20240507;100227;1224;1;10297425761;S
20240507;100228;1224.6;1;10297425928;B
20240507;100228;1224.6;12;10297426150;B
20240507;100228;1224.6;12;10297426151;B
20240507;100229;1224.2;1;10297426170;S
20240507;100229;1224.6;1;10297426183;B
20240507;100229;1224.4;1;10297426279;S
20240507;100230;1224.6;1;10297426396;B
20240507;100230;1224.6;1;10297426477;B
20240507;100230;1224.4;1;10297426514;S
20240507;100231;1224.6;1;10297426559;B
20240507;100231;1224.4;1;10297426651;S
20240507;100232;1224.6;1;10297426700;B
20240507;100232;1224.4;1;10297426875;S
20240507;100233;1224.6;1;10297426920;B
20240507;100234;1224.4;1;10297427097;S
20240507;100234;1224.8;1;10297427112;B
20240507;100235;1224.4;1;10297427927;S
20240507;100235;1224.8;1;10297427947;B
20240507;100235;1224.8;1;10297428056;B
20240507;100236;1224.4;1;10297428133;S
20240507;100236;1224.8;1;10297428178;B
20240507;100237;1224.4;1;10297428334;S
20240507;100237;1224.8;1;10297428373;B
20240507;100238;1224.4;1;10297428520;S
20240507;100238;1224.8;1;10297428543;B
20240507;100238;1224.4;1;10297428563;S
20240507;100238;1224.4;5;10297428564;S
20240507;100238;1224.4;1;10297428565;S
20240507;100238;1224.4;4;10297428566;S
20240507;100238;1224.4;2;10297428651;S
20240507;100239;1224.4;1;10297428742;S
20240507;100239;1224.8;1;10297428750;B
20240507;100239;1224.8;20;10297428844;B
20240507;100240;1224.4;1;10297428891;S
20240507;100240;1224.8;1;10297428900;B
20240507;100241;1224.4;1;10297429021;S
20240507;100241;1224.8;1;10297429036;B
20240507;100241;1224.8;5;10297429038;B
20240507;100242;1224.4;1;10297429208;S
20240507;100242;1224.8;1;10297429291;B
20240507;100243;1224.8;1;10297429416;B
20240507;100243;1224.4;1;10297429513;S
20240507;100243;1224.8;1;10297429539;B
20240507;100244;1224.4;1;10297429718;S
20240507;100244;1224.8;1;10297429737;B
20240507;100244;1224.4;10;10297429854;S
20240507;100245;1224.4;10;10297429869;S
20240507;100245;1224.2;10;10297429885;S
20240507;100245;1224.2;10;10297429917;S
20240507;100245;1224.2;1;10297429924;S
20240507;100245;1224.2;10;10297429929;S
20240507;100245;1224.8;1;10297429939;B
20240507;100245;1224.2;10;10297429945;S
20240507;100245;1224.8;15;10297429953;B
20240507;100245;1224.2;8;10297429969;S
20240507;100246;1224.2;1;10297430338;S
20240507;100246;1224.8;1;10297430372;B
20240507;100247;1224.4;1;10297430590;S
20240507;100247;1224.8;1;10297430617;B
20240507;100248;1224.2;1;10297430812;S
20240507;100249;1224;1;10297431062;S
20240507;100250;1224.2;32;10297431254;B
20240507;100250;1224.2;27;10297431255;B
20240507;100250;1224.2;61;10297431256;B
20240507;100250;1224.4;340;10297431257;B
20240507;100250;1224.6;1;10297431258;B
20240507;100250;1224.6;51;10297431259;B
20240507;100250;1224.6;99;10297431260;B
20240507;100250;1224.8;4;10297431261;B
20240507;100250;1224.8;30;10297431262;B
20240507;100250;1224.8;146;10297431263;B
20240507;100250;1224.8;81;10297431264;B
20240507;100250;1224.8;164;10297431265;B
20240507;100250;1224.8;60;10297431266;B
20240507;100250;1224.8;38;10297431267;B
20240507;100250;1225;1;10297431268;B
20240507;100250;1225;81;10297431269;B
20240507;100250;1225;1;10297431270;B
20240507;100250;1225;48;10297431271;B
20240507;100250;1224.8;1;10297431275;B
20240507;100250;1224.8;2;10297431288;B
20240507;100250;1224.4;1;10297431298;S
20240507;100251;1224.4;1;10297431760;S
20240507;100251;1224.2;1;10297431804;S
20240507;100252;1224.2;1;10297431976;S
20240507;100252;1224.2;1;10297432004;S
20240507;100253;1224.8;15;10297432072;B
20240507;100253;1224.4;1;10297432198;S
20240507;100253;1224.4;1;10297432283;S
20240507;100253;1224.8;1;10297432284;B
20240507;100254;1224.4;1;10297432435;S
20240507;100254;1224.4;1;10297432479;S
20240507;100255;1224.4;1;10297432668;S
20240507;100256;1224.4;1;10297432722;S
20240507;100256;1224.8;3;10297432794;B
20240507;100256;1224.4;1;10297432861;S
20240507;100257;1224.4;1;10297432935;S
20240507;100257;1224.8;1;10297432955;B
20240507;100257;1224.4;7;10297433006;S
20240507;100257;1224.4;31;10297433007;S
20240507;100257;1224.4;4;10297433008;B
20240507;100257;1224.4;89;10297433109;B
20240507;100257;1224.2;1;10297433176;S
20240507;100258;1224;1;10297433233;S
20240507;100258;1224;1;10297433315;S
20240507;100259;1224;1;10297433370;S
20240507;100259;1224;1;10297433515;S
20240507;100300;1224;2;10297433578;S
20240507;100300;1224;1;10297433581;S
20240507;100300;1224;1;10297433722;S
20240507;100301;1224;1;10297433782;S
20240507;100301;1224.4;1;10297433841;B
20240507;100301;1224;1;10297433971;S
20240507;100302;1224;1;10297434039;S
20240507;100302;1224;1;10297434162;S
20240507;100302;1224.4;1;10297434174;B
20240507;100303;1224;1;10297434194;S
20240507;100303;1224;1;10297434308;S
20240507;100304;1224.2;3;10297434374;B
20240507;100304;1224;1;10297434399;S
20240507;100304;1224.2;10;10297434452;B
20240507;100304;1224;1;10297434546;S
20240507;100305;1224;1;10297434584;S
20240507;100305;1224;4;10297434656;S
20240507;100305;1224;5;10297434711;S
20240507;100305;1224;1;10297434727;S
20240507;100306;1224.2;3;10297434744;B
20240507;100306;1224;1;10297434884;S
20240507;100307;1224;1;10297434992;S
20240507;100307;1224.2;4;10297435000;B
20240507;100307;1224;1;10297435090;S
20240507;100308;1224;1;10297435185;S
20240507;100308;1224.2;2;10297435220;B
20240507;100308;1224;1;10297435282;S
20240507;100308;1224.2;2;10297435294;B
20240507;100309;1224;1;10297435433;S
20240507;100309;1224;1;10297435512;S
20240507;100310;1224;1;10297435648;S
20240507;100310;1224.2;1;10297435687;B
20240507;100310;1224;1;10297435689;S
20240507;100311;1224;1;10297435779;S
20240507;100311;1224.2;3;10297435815;B
20240507;100311;1224;1;10297435881;S
20240507;100312;1224;1;10297435966;S
20240507;100312;1224;1;10297436022;S
20240507;100313;1224;1;10297436103;S
20240507;100313;1224;1;10297436156;S
20240507;100314;1224;1;10297436261;S
20240507;100314;1224.2;1;10297436314;B
20240507;100314;1224;1;10297436344;S
20240507;100315;1224;1;10297436551;S
20240507;100315;1224;1;10297436593;S
20240507;100316;1224;1;10297436772;S
20240507;100316;1224;130;10297436845;S
20240507;100316;1224;1;10297436930;S
20240507;100317;1224;18;10297436984;S
20240507;100317;1224;2;10297436985;S
20240507;100317;1224;1;10297436986;S
20240507;100317;1224;5;10297436987;S
20240507;100317;1223.8;1;10297436988;S
20240507;100317;1223.8;15;10297436989;S
20240507;100317;1223.8;25;10297436990;S
20240507;100317;1223.8;13;10297436991;S
20240507;100317;1223.6;50;10297436992;S
20240507;100317;1223.6;13;10297437092;S
20240507;100317;1223.4;65;10297437163;S
20240507;100317;1223.4;5;10297437164;S
20240507;100317;1223.4;10;10297437165;S
20240507;100317;1223.4;50;10297437166;S
20240507;100317;1223.4;1;10297437197;S
20240507;100317;1223.4;1;10297437285;S
20240507;100318;1223.4;130;10297437420;S
20240507;100318;1223.4;28;10297437536;S
20240507;100318;1223.4;81;10297437537;S
20240507;100318;1223.2;21;10297437538;S
20240507;100318;1223.2;1;10297437623;S
20240507;100318;1223.6;1;10297437624;B
20240507;100318;1223.2;59;10297437679;S
20240507;100318;1223.2;10;10297437680;S
20240507;100318;1223;1;10297437681;S
20240507;100318;1223;2;10297437682;S
20240507;100318;1223;58;10297437683;S
20240507;100318;1223.4;1;10297437705;B
20240507;100318;1223;1;10297437762;S
20240507;100319;1223;1;10297437945;S
20240507;100319;1223.4;5;10297437984;B
20240507;100320;1223;1;10297438025;S
20240507;100320;1223;1;10297438217;S
20240507;100320;1223;130;10297438251;S
20240507;100320;1223.2;8;10297438256;B
20240507;100320;1223.4;2;10297438304;B
20240507;100321;1223.2;1;10297438443;S
20240507;100321;1223.2;1;10297438643;S
20240507;100321;1223.4;5;10297438674;B
20240507;100321;1223.4;1;10297438675;B
20240507;100322;1223.2;1;10297438717;S
20240507;100322;1223.2;1;10297438863;S
20240507;100323;1223.2;1;10297438924;S
20240507;100323;1223.4;8;10297438950;B
20240507;100323;1223.2;1;10297439041;S
20240507;100324;1223.2;4;10297439090;S
20240507;100324;1223;1;10297439095;S
20240507;100324;1223;1;10297439309;S
20240507;100325;1223;1;10297439405;S
20240507;100325;1223;1;10297439486;S
20240507;100326;1223.2;2;10297439493;B
20240507;100326;1223.2;14;10297439494;B
20240507;100326;1223;1;10297439627;S
20240507;100327;1223;1;10297439734;S
20240507;100327;1223;1;10297439880;S
20240507;100328;1223;1;10297439904;S
20240507;100328;1223;1;10297439936;S
20240507;100328;1223.4;1;10297440032;B
20240507;100329;1223;1;10297440185;S
20240507;100329;1223;1;10297440186;S
20240507;100330;1223;1;10297440337;S
20240507;100330;1223.2;1;10297440364;B
20240507;100330;1223;1;10297440403;S
20240507;100331;1223;1;10297440580;S
20240507;100331;1223;1;10297440670;S
20240507;100331;1223.2;1;10297440672;B
20240507;100332;1223;1;10297440813;S
20240507;100332;1223;1;10297440868;S
20240507;100332;1223.2;1;10297441046;B
20240507;100333;1223;1;10297441247;S
20240507;100333;1223;1;10297441325;S
20240507;100334;1223;1;10297441703;S
20240507;100334;1223;1;10297441747;S
20240507;100334;1223.2;1;10297441816;B
20240507;100335;1223;1;10297441852;S
20240507;100335;1223;20;10297441886;S
20240507;100335;1223;1;10297441905;S
20240507;100336;1223;1;10297442046;S
20240507;100336;1223;1;10297442066;S
20240507;100337;1223;1;10297442289;S
20240507;100337;1223;1;10297442366;S
20240507;100338;1223;1;10297442724;S
20240507;100338;1223;1;10297442790;S
20240507;100339;1223;1;10297443060;S
20240507;100339;1223;1;10297443139;S
20240507;100340;1223;1;10297443349;S
20240507;100340;1223.2;1;10297443410;B
20240507;100340;1223;1;10297443424;S
20240507;100341;1223;1;10297443543;S
20240507;100341;1223.2;1;10297443581;B
20240507;100341;1223;1;10297443583;S
20240507;100342;1223;46;10297443651;S
20240507;100342;1223;1;10297443723;S
20240507;100342;1223;1;10297443808;S
20240507;100343;1223;1;10297443901;S
20240507;100343;1223;1;10297444022;S
20240507;100344;1223;1;10297444118;S
20240507;100344;1223.2;20;10297444131;B
20240507;100345;1223;1;10297444165;S
20240507;100345;1223;1;10297444280;S
20240507;100345;1223.2;10;10297444287;B
20240507;100345;1223;1;10297444362;S
20240507;100346;1223;1;10297444613;S
20240507;100346;1223;1;10297444757;S
20240507;100347;1223.2;5;10297444866;B
20240507;100347;1223;1;10297444894;S
20240507;100347;1223;1;10297444991;S
20240507;100348;1223;50;10297445043;S
20240507;100348;1223;1;10297445163;S
20240507;100348;1223;1;10297445215;S
20240507;100349;1223.2;4;10297445341;B
20240507;100349;1223;1;10297445368;S
20240507;100349;1223;1;10297445388;S
20240507;100350;1223;1;10297445515;S
20240507;100351;1223;1;10297445533;S
20240507;100351;1223.2;30;10297445549;B
20240507;100351;1223.2;1;10297445550;B
20240507;100351;1223.4;89;10297445551;B
20240507;100351;1223.4;32;10297445552;B
20240507;100351;1223.4;1;10297445553;B
20240507;100351;1223.4;47;10297445554;B
20240507;100351;1223;1;10297445650;S
20240507;100352;1223;1;10297445665;S
20240507;100352;1223.2;1;10297445799;B
20240507;100352;1223;1;10297445807;S
20240507;100353;1223;1;10297445819;S
20240507;100353;1223;1;10297445960;S
20240507;100354;1223;1;10297445981;S
20240507;100354;1223.4;5;10297446014;B
20240507;100355;1223;1;10297446106;S
20240507;100355;1223;1;10297446115;S
20240507;100355;1223.4;10;10297446200;B
20240507;100356;1223;1;10297446231;S
20240507;100356;1223;1;10297446232;S
20240507;100357;1223;1;10297446361;S
20240507;100357;1223;1;10297446370;S
20240507;100357;1223.4;1;10297446387;B
20240507;100357;1223.6;2;10297446505;B
20240507;100358;1223.6;1;10297446576;B
20240507;100358;1223.2;1;10297446577;S
20240507;100358;1223.2;1;10297446593;S
20240507;100359;1223.4;1;10297446703;S
20240507;100359;1223.4;1;10297446714;S
20240507;100359;1223.6;8;10297446814;B
20240507;100359;1223.6;2;10297446815;B
20240507;100400;1223.4;1;10297446905;S
20240507;100400;1223.4;1;10297446914;S
20240507;100400;1223.8;1;10297446962;B
20240507;100401;1223.4;1;10297447214;S
20240507;100401;1223.4;1;10297447225;S
20240507;100401;1223.4;3;10297447263;S
20240507;100401;1223.8;90;10297447294;B
20240507;100401;1223.6;8;10297447296;S
20240507;100402;1223.6;1;10297447418;S
20240507;100402;1223.6;1;10297447431;S
20240507;100402;1223.8;2;10297447459;B
20240507;100402;1224;5;10297447460;B
20240507;100402;1224;3;10297447461;B
20240507;100402;1223.6;10;10297447517;S
20240507;100403;1223.6;1;10297447628;S
20240507;100403;1223.6;1;10297447640;S
20240507;100404;1223.6;1;10297447835;S
20240507;100404;1223.6;1;10297447847;S
20240507;100404;1223.6;20;10297447952;S
20240507;100405;1223.6;1;10297448036;S
20240507;100405;1224;2;10297448176;B
20240507;100405;1223.6;1;10297448182;S
20240507;100406;1223.6;1;10297448320;S
20240507;100406;1223.6;1;10297448351;S
20240507;100406;1224.2;21;10297448422;B
20240507;100406;1224.2;70;10297448423;B
20240507;100407;1223.6;1;10297448568;S
20240507;100407;1223.6;1;10297448600;S
20240507;100408;1223.6;2;10297448768;S
20240507;100408;1223.6;1;10297448772;S
20240507;100408;1223.6;1;10297448810;S
20240507;100409;1223.6;1;10297448991;S
20240507;100410;1223.6;1;10297449215;S
20240507;100412;1223.6;1;10297449387;S
20240507;100412;1224;8;10297449419;B
20240507;100413;1223.6;1;10297449519;S
20240507;100413;1224;1;10297449554;B
20240507;100414;1223.6;1;10297449673;S
20240507;100414;1224;1;10297449801;B
20240507;100415;1223.6;1;10297449924;S
20240507;100415;1224;1;10297450013;B
20240507;100416;1223.6;1;10297450102;S
20240507;100416;1224;1;10297450139;B
20240507;100417;1223.6;1;10297450265;S
20240507;100417;1224;1;10297450311;B
20240507;100418;1223.6;1;10297450428;S
20240507;100418;1224;1;10297450497;B
20240507;100419;1223.6;1;10297450646;S
20240507;100419;1224;1;10297450649;B
20240507;100420;1223.6;1;10297450849;S
20240507;100420;1223.8;1;10297450855;B
20240507;100421;1223.8;10;10297450990;B
20240507;100421;1223.6;1;10297451022;S
20240507;100421;1223.8;1;10297451028;B
20240507;100422;1224;1;10297451211;B
20240507;100422;1223.6;1;10297451226;S
20240507;100423;1224;1;10297451327;B
20240507;100423;1224;1;10297451339;B
20240507;100423;1224;1;10297451346;B
20240507;100423;1223.6;1;10297451347;S
20240507;100424;1224;1;10297451484;B
20240507;100424;1223.6;1;10297451490;S
20240507;100425;1224;1;10297451658;B
20240507;100425;1223.6;1;10297451662;S
20240507;100426;1224;1;10297451837;B
20240507;100426;1223.6;1;10297451839;S
20240507;100427;1223.6;1;10297452134;S
20240507;100428;1224;1;10297452154;B
20240507;100428;1224;5;10297452213;B
20240507;100428;1224;1;10297452272;B
20240507;100429;1223.4;1;10297452444;S
20240507;100429;1224;1;10297452454;B
20240507;100430;1223.4;1;10297452595;S
20240507;100430;1224;1;10297452699;B
20240507;100430;1223.8;1;10297452727;S
20240507;100431;1224;1;10297452928;B
20240507;100431;1223.8;1;10297452940;S
20240507;100432;1224;1;10297453145;B
20240507;100432;1223.8;1;10297453149;S
20240507;100433;1224;1;10297453312;B
20240507;100433;1223.8;1;10297453329;S
20240507;100434;1224;1;10297453479;B
20240507;100435;1223.8;1;10297453509;S
20240507;100435;1224;2;10297453556;B
20240507;100435;1224;1;10297453596;B
20240507;100436;1223.8;1;10297453632;S
20240507;100436;1224;1;10297453771;B
20240507;100437;1223.8;1;10297453844;S
20240507;100437;1224;1;10297454061;B
20240507;100438;1223.8;1;10297454099;S
20240507;100438;1224;1;10297454211;B
20240507;100439;1223.8;1;10297454266;S
20240507;100439;1224;1;10297454390;B
20240507;100440;1223.8;1;10297454417;S
20240507;100440;1224;1;10297454516;B
20240507;100441;1223.8;1;10297454695;S
20240507;100441;1224;1;10297454814;B
20240507;100442;1224;1;10297454880;B
20240507;100442;1223.8;1;10297454885;S
20240507;100442;1224;5;10297455019;B
20240507;100442;1224;2;10297455020;B
20240507;100442;1224;63;10297455021;B
20240507;100442;1224;1;10297455033;B
20240507;100443;1223.8;1;10297455080;S
20240507;100443;1224;10;10297455125;B
20240507;100443;1224;1;10297455158;B
20240507;100444;1223.8;1;10297455238;S
20240507;100445;1224.2;1;10297455299;B
20240507;100445;1224;1;10297455362;S
20240507;100446;1224.2;1;10297455443;B
20240507;100446;1224;1;10297455554;S
20240507;100447;1224.2;1;10297455612;B
20240507;100447;1224;1;10297455697;S
20240507;100448;1224.2;1;10297455774;B
20240507;100448;1224;1;10297455841;S
20240507;100449;1224.2;1;10297455896;B
20240507;100449;1224;1;10297455971;S
20240507;100450;1224.2;1;10297456066;B
20240507;100450;1224;1;10297456132;S
20240507;100451;1224.2;1;10297456258;B
20240507;100451;1224.2;1;10297456262;B
20240507;100451;1224;1;10297456316;S
20240507;100452;1224.2;1;10297456414;B
20240507;100452;1224;50;10297456444;S
20240507;100452;1224;61;10297456448;S
20240507;100452;1224;35;10297456449;S
20240507;100452;1224;250;10297456450;S
20240507;100452;1224;147;10297456451;S
20240507;100452;1224;50;10297456452;S
20240507;100452;1224;1;10297456453;S
20240507;100452;1224;1;10297456476;B
20240507;100452;1223.8;1;10297456493;S
20240507;100453;1224;1;10297456542;B
20240507;100453;1224;1;10297456584;B
20240507;100453;1223.8;1;10297456618;S
20240507;100454;1224;1;10297456679;B
20240507;100455;1223.8;1;10297456775;S
20240507;100455;1224;1;10297456859;B
20240507;100455;1223.8;1;10297456973;S
20240507;100456;1224;1;10297457053;B
20240507;100456;1223.8;1;10297457154;S
20240507;100457;1224;1;10297457240;B
20240507;100457;1223.8;1;10297457277;S
20240507;100458;1224;1;10297457335;B
20240507;100458;1224;1;10297457360;B
20240507;100458;1223.8;1;10297457488;S
20240507;100459;1224;1;10297457599;B
20240507;100459;1223.8;1;10297457656;S
20240507;100500;1224;1;10297457737;B
20240507;100500;1224;99;10297457751;B
20240507;100501;1223.8;1;10297457848;S
20240507;100501;1224;1;10297457963;B
20240507;100502;1223.8;1;10297458052;S
20240507;100502;1223.8;49;10297458086;S
20240507;100502;1223.8;1;10297458087;S
20240507;100502;1223.8;1;10297458088;S
20240507;100502;1223.8;164;10297458089;S
20240507;100502;1223.8;99;10297458090;S
20240507;100502;1223.6;951;10297458091;S
20240507;100502;1224;1;10297458139;B
20240507;100502;1224;1;10297458158;B
20240507;100503;1223.6;1;10297458281;S
20240507;100503;1224;1;10297458453;B
20240507;100503;1224;10;10297458482;B
20240507;100503;1224;29;10297458511;B
20240507;100503;1224;1;10297458518;B
20240507;100504;1224;15;10297458522;B
20240507;100504;1223.8;1;10297458538;S
20240507;100504;1224;1;10297458626;B
20240507;100504;1224;1;10297458661;B
20240507;100505;1224;125;10297458749;B
20240507;100505;1223.8;1;10297458759;S
20240507;100505;1224;1;10297458806;B
20240507;100506;1223.8;1;10297458901;S
20240507;100506;1224;1;10297458964;B
20240507;100507;1223.8;1;10297459132;S
20240507;100507;1224;785;10297459159;B
20240507;100507;1224;130;10297459160;B
20240507;100507;1224.2;1;10297459169;B
20240507;100508;1224.2;1;10297459302;S
20240507;100508;1224.4;1;10297459334;B
20240507;100509;1224.2;1;10297459472;S
20240507;100509;1224.4;1;10297459518;B
20240507;100509;1224.4;1;10297459525;B
20240507;100510;1224.4;5;10297459608;B
20240507;100510;1224.2;1;10297459673;S
20240507;100510;1224.4;20;10297459676;B
20240507;100510;1224.4;1;10297459686;B
20240507;100511;1224.2;1;10297459860;S
20240507;100511;1224.4;1;10297459903;B
20240507;100511;1224.4;30;10297459928;B
20240507;100512;1224.4;80;10297459995;B
20240507;100512;1224.2;1;10297460095;S
20240507;100512;1224.2;1;10297460119;S
20240507;100512;1224.4;1;10297460121;B
20240507;100513;1224.2;1;10297460243;S
20240507;100513;1224.4;1;10297460269;B
20240507;100514;1224.2;1;10297460385;S
20240507;100514;1224.4;1;10297460390;B
20240507;100515;1224.2;1;10297460534;S
20240507;100515;1224.4;1;10297460536;B
20240507;100516;1224.4;10;10297460610;B
20240507;100516;1224.2;1;10297460724;S
20240507;100516;1224.4;1;10297460729;B
20240507;100517;1224.2;89;10297460776;S
20240507;100517;1224.2;61;10297460777;S
20240507;100517;1224.2;43;10297460778;S
20240507;100517;1224.2;13;10297460779;S
20240507;100517;1224.2;1;10297460780;S
20240507;100517;1224.2;1;10297460862;B
20240507;100517;1224;1;10297460872;S
20240507;100518;1224.2;1;10297461038;B
20240507;100518;1224;1;10297461074;S
20240507;100519;1224.2;1;10297461226;B
20240507;100519;1224;1;10297461252;S
20240507;100520;1224.2;7;10297461290;B
20240507;100520;1224.2;1;10297461411;B
20240507;100520;1224;1;10297461423;S
20240507;100521;1224.2;1;10297461601;B
20240507;100521;1224;1;10297461611;S
20240507;100522;1224.2;6;10297461735;B
20240507;100522;1224.2;1;10297461786;B
20240507;100523;1224;1;10297461799;S
20240507;100523;1224.2;1;10297461936;B
20240507;100524;1224;1;10297461960;S
20240507;100525;1224.2;1;10297462098;B
20240507;100525;1224;1;10297462108;S
20240507;100526;1224.2;1;10297462253;B
20240507;100526;1224;1;10297462294;S
20240507;100527;1224;1;10297462440;S
20240507;100527;1224.2;1;10297462476;B
20240507;100527;1224.2;1;10297462509;B
20240507;100528;1224.2;1;10297462561;B
20240507;100528;1224;1;10297462744;S
20240507;100529;1224.2;1;10297462796;B
20240507;100529;1224;1;10297462800;S
20240507;100529;1224;1;10297462812;S
20240507;100529;1224.2;10;10297462872;B
20240507;100529;1224.2;1;10297462891;B
20240507;100530;1224.2;1;10297462924;B
20240507;100530;1224;1;10297462933;S
20240507;100531;1224.2;1;10297463073;B
20240507;100531;1224;1;10297463090;S
20240507;100531;1224.2;779;10297463109;B
20240507;100531;1224.2;61;10297463110;B
20240507;100531;1224.2;50;10297463111;B
20240507;100531;1224.4;45;10297463112;B
20240507;100531;1224.4;65;10297463113;B
20240507;100532;1224.4;1;10297463236;B
20240507;100532;1224.2;1;10297463251;S
20240507;100533;1224.4;1;10297463371;B
20240507;100533;1224.2;1;10297463401;S
20240507;100534;1224.2;20;10297463484;S
20240507;100534;1224.4;1;10297463489;B
20240507;100534;1224.2;1;10297463508;S
20240507;100535;1224.4;1;10297463617;B
20240507;100535;1224.2;1;10297463652;S
20240507;100535;1224.4;40;10297463724;B
20240507;100536;1224.4;1;10297463826;B
20240507;100536;1224.2;1;10297463895;S
20240507;100537;1224.4;1;10297464020;B
20240507;100537;1224.2;1;10297464094;S
20240507;100538;1224.4;30;10297464145;B
20240507;100538;1224.4;1;10297464199;B
20240507;100538;1224.2;1;10297464284;S
20240507;100539;1224.4;1;10297464364;B
20240507;100539;1224.2;1;10297464512;S
20240507;100540;1224.4;57;10297464593;B
20240507;100540;1224.4;6;10297464594;B
20240507;100540;1224.4;1;10297464603;B
20240507;100540;1224.2;1;10297464690;S
20240507;100541;1224.4;1;10297464831;B
20240507;100541;1224.4;3;10297464863;B
20240507;100541;1224.2;1;10297464895;S
20240507;100542;1224.2;2;10297464910;S
20240507;100542;1224.4;1;10297464943;B
20240507;100542;1224.2;1;10297465048;S
20240507;100543;1224.4;1;10297465126;B
20240507;100543;1224.2;1;10297465195;S
20240507;100544;1224.4;1;10297465260;B
20240507;100544;1224.2;1;10297465326;S
20240507;100545;1224.4;1;10297465392;B
20240507;100545;1224.2;1;10297465446;S
20240507;100546;1224.2;2;10297465476;S
20240507;100546;1224.4;1;10297465520;B
20240507;100546;1224.2;1;10297465614;S
20240507;100547;1224.4;2;10297465658;B
20240507;100547;1224.6;10;10297465659;B
20240507;100547;1224.6;43;10297465660;B
20240507;100547;1224.6;130;10297465661;B
20240507;100547;1224.6;263;10297465662;B
20240507;100547;1224.8;4;10297465663;B
20240507;100547;1224.8;48;10297465664;B
20240507;100547;1225;1;10297465728;B
20240507;100547;1225;1;10297465786;B
20240507;100547;1225;98;10297465796;B
20240507;100547;1225;3;10297465797;B
20240507;100547;1225;20;10297465798;B
20240507;100547;1225;79;10297465799;B
20240507;100547;1224.6;1;10297465862;S
20240507;100548;1225;1;10297465922;B
20240507;100548;1224.6;1;10297465993;S
20240507;100549;1225;1;10297466062;B
20240507;100549;1225;1;10297466086;B
20240507;100550;1224.6;1;10297466130;S
20240507;100550;1225;1;10297466219;B
20240507;100551;1224.6;1;10297466336;S
20240507;100551;1224.8;1;10297466385;B
20240507;100552;1224.6;1;10297466458;S
20240507;100552;1224.8;1;10297466555;B
20240507;100553;1224.6;1;10297466626;S
20240507;100553;1224.8;1;10297466674;B
20240507;100554;1224.6;1;10297466765;S
20240507;100554;1224.8;1;10297466886;B
20240507;100555;1224.6;1;10297466929;S
20240507;100555;1224.8;1;10297466979;B
20240507;100556;1224.8;2;10297467067;B
20240507;100556;1224.6;1;10297467075;S
20240507;100556;1224.8;1;10297467137;B
20240507;100557;1224.6;1;10297467227;S
20240507;100557;1224.8;1;10297467326;B
20240507;100558;1224.6;1;10297467404;S
20240507;100558;1224.8;1;10297467472;B
20240507;100559;1224.8;50;10297467533;B
20240507;100559;1224.8;1;10297467553;S
20240507;100559;1225;1;10297467643;B
20240507;100600;1225;16;10297467723;B
20240507;100600;1225;40;10297467724;B
20240507;100600;1225;5;10297467725;B
20240507;100600;1225.2;39;10297467726;B
20240507;100600;1225;1;10297467741;S
20240507;100600;1225.4;1;10297467806;B
20240507;100601;1225;12;10297467985;S
20240507;100601;1225;42;10297467986;S
20240507;100601;1225;76;10297467987;S
20240507;100601;1225.2;1;10297468008;S
20240507;100601;1225.2;1;10297468016;S
20240507;100601;1225.2;97;10297468068;S
20240507;100601;1225;21;10297468069;S
20240507;100601;1225.4;1;10297468147;B
20240507;100602;1225.2;1;10297468336;S
20240507;100602;1225.4;1;10297468380;B
20240507;100603;1225.2;1;10297468591;S
20240507;100603;1225.4;1;10297468641;B
20240507;100604;1225.4;1;10297468715;B
20240507;100604;1225.2;1;10297468777;S
20240507;100604;1225.4;1;10297468811;B
20240507;100605;1225.4;1;10297468913;B
20240507;100605;1225.2;1;10297468914;S
20240507;100605;1225.4;1;10297468945;B
20240507;100606;1225.2;1;10297469111;S
20240507;100606;1225.4;1;10297469141;B
20240507;100607;1225.2;1;10297469325;S
20240507;100607;1225.2;10;10297469370;S
20240507;100607;1225.4;1;10297469372;B
20240507;100608;1225.2;1;10297469393;S
20240507;100608;1225.4;1;10297469418;B
20240507;100608;1225.2;73;10297469424;S
20240507;100608;1225;127;10297469425;S
20240507;100608;1225;1;10297469466;S
20240507;100608;1225.4;3;10297469481;B
20240507;100608;1225.4;1;10297469490;B
20240507;100609;1225;1;10297469671;S
20240507;100609;1225.4;1;10297469676;B
20240507;100610;1225;1;10297469823;S
20240507;100610;1225.4;1;10297469832;B
20240507;100611;1225;1;10297469984;S
20240507;100611;1225.4;1;10297469992;B
20240507;100612;1225;1;10297470118;S
20240507;100612;1225.4;1;10297470121;B
20240507;100614;1225.4;1;10297470281;B
20240507;100614;1225;1;10297470295;S
20240507;100615;1225.4;1;10297470387;B
20240507;100615;1225;1;10297470393;S
20240507;100616;1225.4;1;10297470529;B
20240507;100616;1225;1;10297470544;S
20240507;100617;1225.4;1;10297470798;B
20240507;100617;1225;1;10297470803;S
20240507;100618;1225;1;10297471003;S
20240507;100619;1225;1;10297471160;S
20240507;100619;1225;40;10297471261;S
20240507;100620;1225;1;10297471336;S
20240507;100621;1225;1;10297471527;S
20240507;100621;1225;1;10297471567;S
20240507;100622;1225;1;10297471713;S
20240507;100622;1225;1;10297471737;S
20240507;100623;1225.4;58;10297471799;B
20240507;100623;1225.4;1;10297471800;B
20240507;100623;1225.4;61;10297471801;B
20240507;100623;1225.4;5;10297471802;B
20240507;100623;1225.4;132;10297471803;B
20240507;100623;1225.4;6;10297471804;B
20240507;100623;1225.4;100;10297471805;B
20240507;100623;1225.4;99;10297471806;B
20240507;100623;1225.4;1;10297471844;S
20240507;100623;1225.6;1;10297471846;B
20240507;100623;1225.6;15;10297471847;B
20240507;100623;1225.4;1;10297471916;S
20240507;100624;1225.4;1;10297472076;S
20240507;100624;1225.4;1;10297472091;S
20240507;100624;1225.6;2;10297472120;B
20240507;100625;1225.6;64;10297472143;B
20240507;100625;1225.6;66;10297472144;B
20240507;100625;1225.8;70;10297472145;B
20240507;100625;1225.6;1;10297472233;S
20240507;100625;1225.8;2;10297472243;B
20240507;100625;1225.6;1;10297472263;S
20240507;100625;1225.8;9;10297472268;B
20240507;100625;1225.8;130;10297472269;B
20240507;100625;1225.8;30;10297472270;B
20240507;100625;1225.8;12;10297472271;B
20240507;100625;1225.8;19;10297472272;B
20240507;100626;1225.6;1;10297472374;S
20240507;100626;1225.6;1;10297472437;S
20240507;100627;1225.6;1;10297472562;S
20240507;100627;1225.6;1;10297472609;S
20240507;100628;1225.6;1;10297472699;S
20240507;100629;1225.6;1;10297472759;S
20240507;100629;1225.6;1;10297472820;S
20240507;100629;1225.6;1;10297472829;S
20240507;100630;1225.6;1;10297473015;S
20240507;100630;1225.8;10;10297473021;B
20240507;100630;1225.6;1;10297473024;S
20240507;100631;1225.6;1;10297473149;S
20240507;100631;1225.6;1;10297473168;S
20240507;100631;1225.8;2;10297473172;B
20240507;100632;1225.8;1;10297473190;B
20240507;100632;1225.8;114;10297473313;B
20240507;100632;1225.8;33;10297473314;B
20240507;100632;1226;1;10297473315;B
20240507;100632;1226;50;10297473316;B
20240507;100632;1226;2;10297473317;B
20240507;100632;1225.6;1;10297473328;S
20240507;100632;1225.6;1;10297473353;S
20240507;100633;1226;198;10297473428;B
20240507;100633;1226;1;10297473429;B
20240507;100633;1226;10;10297473430;B
20240507;100633;1226;81;10297473431;B
20240507;100633;1226;210;10297473432;B
20240507;100633;1225.6;1;10297473480;S
20240507;100634;1225.6;1;10297473533;S
20240507;100634;1225.6;1;10297473654;S
20240507;100635;1225.8;1;10297473701;B
20240507;100635;1225.6;1;10297473779;S
20240507;100636;1226;1;10297473877;B
20240507;100636;1226;30;10297473930;B
20240507;100636;1225.6;16;10297473941;S
20240507;100636;1225.8;1;10297474005;S
20240507;100637;1225.8;1;10297474009;S
20240507;100637;1226;1;10297474071;B
20240507;100637;1225.8;1;10297474188;S
20240507;100638;1226;1;10297474252;B
20240507;100638;1225.8;1;10297474331;S
20240507;100639;1226;1;10297474416;B
20240507;100640;1225.8;1;10297474469;S
20240507;100640;1226;1;10297474559;B
20240507;100641;1225.8;1;10297474630;S
20240507;100641;1226;1;10297474702;B
20240507;100642;1225.8;1;10297474768;S
20240507;100642;1226;10;10297474802;B
20240507;100642;1226;99;10297474803;S
20240507;100642;1226;42;10297474804;S
20240507;100642;1226;164;10297474805;S
20240507;100642;1226.2;1;10297474884;B
20240507;100643;1226;1;10297474971;S
20240507;100643;1226.2;1;10297475103;B
20240507;100644;1226;1;10297475164;S
20240507;100644;1226.2;1;10297475261;B
20240507;100645;1226;1;10297475303;S
20240507;100645;1226.2;1;10297475367;B
20240507;100646;1226;1;10297475422;S
20240507;100646;1226.2;1;10297475486;B
20240507;100646;1226;7;10297475568;S
20240507;100647;1226;2;10297475582;S
20240507;100647;1226;1;10297475588;S
20240507;100647;1226.2;11;10297475610;B
20240507;100647;1226.2;7;10297475611;B
20240507;100647;1226.4;300;10297475612;B
20240507;100647;1226.4;81;10297475613;B
20240507;100647;1226.4;130;10297475614;B
20240507;100647;1226.4;61;10297475615;B
20240507;100647;1226.4;460;10297475616;B
20240507;100647;1226.4;1;10297475722;B
20240507;100648;1226;1;10297475791;S
20240507;100648;1226.4;1;10297475915;B
20240507;100649;1226;1;10297475947;S
20240507;100649;1226;1;10297475949;S
20240507;100649;1226.4;1;10297476088;B
20240507;100650;1226;1;10297476133;S
20240507;100651;1226.4;1;10297476238;B
20240507;100651;1226;1;10297476288;S
20240507;100652;1226.4;1;10297476438;B
20240507;100652;1226;1;10297476462;S
20240507;100653;1226.4;1;10297476598;B
20240507;100653;1226;1;10297476621;S
20240507;100654;1226.4;1;10297476792;B
20240507;100654;1226;1;10297476818;S
20240507;100655;1226.2;1;10297477091;B
20240507;100655;1226;1;10297477124;S
20240507;100655;1226;80;10297477160;S
20240507;100655;1226.2;20;10297477203;B
20240507;100656;1226.2;1;10297477333;B
20240507;100656;1226;1;10297477365;S
20240507;100657;1226.2;34;10297477522;B
20240507;100657;1226.2;1;10297477539;B
20240507;100657;1226;1;10297477560;S
20240507;100658;1226.2;1;10297477708;B
20240507;100658;1226;1;10297477726;S
20240507;100659;1226.2;1;10297477871;B
20240507;100659;1226;1;10297477882;S
20240507;100700;1226.2;1;10297478069;B
20240507;100700;1226;1;10297478090;S
20240507;100700;1226;1;10297478091;S
20240507;100701;1226;4;10297478177;S
20240507;100701;1226;13;10297478178;S
20240507;100701;1226;11;10297478179;S
20240507;100701;1226;1;10297478180;S
20240507;100701;1226;310;10297478181;S
20240507;100701;1226;2;10297478182;S
20240507;100701;1226;10;10297478183;S
20240507;100701;1225.8;1;10297478288;S
20240507;100701;1226;1;10297478297;B
20240507;100702;1226;2;10297478363;B
20240507;100702;1226;1;10297478474;B
20240507;100702;1225.8;1;10297478482;S
20240507;100702;1226;170;10297478510;B
20240507;100703;1225.8;1;10297478600;S
20240507;100703;1226;1;10297478626;B
20240507;100704;1226;1;10297478790;B
20240507;100704;1225.8;1;10297478811;S
20240507;100705;1226;1;10297478953;B
20240507;100705;1225.8;1;10297478978;S
20240507;100706;1226;1;10297479073;B
20240507;100706;1225.8;1;10297479091;S
20240507;100707;1226;1;10297479257;B
20240507;100707;1226;1;10297479265;B
20240507;100707;1225.8;1;10297479273;S
20240507;100708;1226;1;10297479451;B
20240507;100708;1225.8;1;10297479466;S
20240507;100709;1226;5;10297479502;B
20240507;100709;1226;80;10297479530;B
20240507;100709;1226;1;10297479698;B
20240507;100709;1225.8;1;10297479704;S
20240507;100710;1226;1;10297479847;B
20240507;100710;1225.8;1;10297479864;S
20240507;100711;1226;1;10297480001;B
20240507;100711;1225.8;1;10297480020;S
20240507;100712;1225.8;80;10297480081;S
20240507;100712;1226;1;10297480219;B
20240507;100712;1226;1;10297480234;B
20240507;100712;1225.8;1;10297480244;S
20240507;100713;1226;1;10297480414;B
20240507;100714;1225.8;1;10297480437;S
20240507;100714;1226;9;10297480516;B
20240507;100714;1226;1;10297480570;B
20240507;100715;1225.8;1;10297480600;S
20240507;100715;1226;1;10297480757;B
20240507;100716;1225.8;1;10297480810;S
20240507;100716;1226;1;10297480975;B
20240507;100717;1225.8;1;10297480994;S
20240507;100717;1226;1;10297481288;B
20240507;100718;1225.8;1;10297481354;S
20240507;100719;1226;1;10297481488;B
20240507;100719;1225.8;1;10297481502;S
20240507;100720;1226;1;10297481655;B
20240507;100720;1225.8;1;10297481670;S
20240507;100720;1226;99;10297481677;B
20240507;100721;1225.8;1;10297481888;S
20240507;100721;1226;1;10297481890;B
20240507;100721;1226;74;10297481922;B
20240507;100722;1225.8;1;10297482050;S
20240507;100722;1226;1;10297482057;B
20240507;100723;1225.8;150;10297482251;S
20240507;100723;1225.8;1;10297482258;S
20240507;100723;1226;1;10297482279;B
20240507;100723;1225.8;1;10297482288;S
20240507;100724;1226;86;10297482410;B
20240507;100724;1226;14;10297482411;B
20240507;100724;1225.8;1;10297482446;S
20240507;100724;1226;1;10297482467;B
20240507;100725;1225.8;1;10297482635;S
20240507;100725;1226;1;10297482655;B
20240507;100726;1225.8;1;10297482858;S
20240507;100726;1226;1;10297482867;B
20240507;100727;1225.8;1;10297483046;S
20240507;100727;1226;1;10297483053;B
20240507;100728;1225.8;1;10297483135;S
20240507;100729;1225.8;1;10297483283;S
20240507;100729;1225.8;1;10297483297;S
20240507;100729;1226;1;10297483364;B
20240507;100730;1225.8;1;10297483518;S
20240507;100730;1226;1;10297483590;B
20240507;100731;1225.8;1;10297483717;S
20240507;100731;1226;1;10297483796;B
20240507;100732;1226;1;10297483898;B
20240507;100732;1225.8;1;10297483899;S
20240507;100732;1226;1;10297484000;B
20240507;100732;1226;20;10297484032;B
20240507;100733;1225.8;96;10297484066;S
20240507;100733;1225.8;14;10297484067;S
20240507;100733;1225.8;4;10297484068;S
20240507;100733;1225.8;1;10297484069;S
20240507;100733;1225.8;1;10297484070;S
20240507;100733;1225.8;30;10297484071;S
20240507;100733;1225.6;1;10297484095;S
20240507;100733;1225.8;1;10297484180;B
20240507;100734;1225.6;4;10297484264;S
20240507;100734;1225.6;18;10297484265;S
20240507;100734;1225.6;1;10297484266;S
20240507;100734;1225.6;1;10297484267;S
20240507;100734;1225.6;5;10297484268;S
20240507;100734;1225.6;1;10297484269;S
20240507;100734;1225.6;14;10297484270;S
20240507;100734;1225.4;256;10297484271;S
20240507;100734;1225.4;1;10297484364;S
20240507;100734;1225.6;1;10297484422;B
20240507;100735;1225.4;50;10297484601;S
20240507;100735;1225.4;1;10297484606;S
20240507;100735;1225.6;1;10297484670;B
20240507;100736;1225.4;1;10297484839;S
20240507;100736;1225.6;5;10297484858;B
20240507;100736;1225.6;1;10297484876;B
20240507;100737;1225.4;1;10297485060;S
20240507;100737;1225.6;1;10297485095;B
20240507;100738;1225.6;1;10297485154;B
20240507;100738;1225.4;1;10297485312;S
20240507;100738;1225.6;1;10297485372;B
20240507;100739;1225.4;1;10297485627;S
20240507;100739;1225.6;1;10297485690;B
20240507;100740;1225.4;1;10297485839;S
20240507;100740;1225.6;1;10297485897;B
20240507;100741;1225.4;1;10297485992;S
20240507;100741;1225.6;1;10297486028;B
20240507;100742;1225.6;1;10297486080;B
20240507;100742;1225.4;1;10297486140;S
20240507;100743;1225.6;1;10297486188;B
20240507;100743;1225.6;1;10297486222;B
20240507;100743;1225.4;1;10297486270;S
20240507;100744;1225.6;1;10297486333;B
20240507;100744;1225.4;1;10297486406;S
20240507;100745;1225.6;1;10297486464;B
20240507;100745;1225.6;1;10297486516;B
20240507;100745;1225.6;1;10297486520;B
20240507;100745;1225.4;1;10297486550;S
20240507;100746;1225.6;1;10297486605;B
20240507;100746;1225.6;1;10297486614;B
20240507;100746;1225.6;99;10297486615;B
20240507;100746;1225.4;1;10297486677;S
20240507;100746;1225.6;1;10297486683;B
20240507;100747;1225.6;1;10297486758;B
20240507;100747;1225.6;2;10297486885;B
20240507;100747;1225.4;1;10297486927;S
20240507;100747;1225.4;394;10297486937;S
20240507;100747;1225.4;2;10297486938;S
20240507;100747;1225.4;1;10297486939;S
20240507;100747;1225.4;3;10297486940;S
20240507;100748;1225.6;1;10297487037;B
20240507;100748;1225.4;1;10297487145;S
20240507;100749;1225.6;1;10297487225;B
20240507;100749;1225.4;1;10297487308;S
20240507;100750;1225.6;1;10297487365;B
20240507;100750;1225.4;1;10297487418;S
20240507;100751;1225.6;1;10297487548;B
20240507;100751;1225.4;1;10297487799;S
20240507;100752;1225.6;1;10297487875;B
20240507;100752;1225.4;1;10297487946;S
20240507;100752;1225.6;1;10297487950;B
20240507;100753;1225.6;1;10297488039;B
20240507;100753;1225.4;1;10297488134;S
20240507;100754;1225.6;1;10297488213;B
20240507;100754;1225.4;1;10297488356;S
20240507;100755;1225.6;1;10297488396;B
20240507;100755;1225.4;1;10297488482;S
20240507;100756;1225.4;2;10297488546;B
20240507;100756;1225.4;1;10297488557;B
20240507;100756;1225.4;1;10297488648;B
20240507;100756;1225.2;1;10297488676;S
20240507;100757;1225.4;5;10297488707;B
20240507;100757;1225.4;1;10297488735;B
20240507;100757;1225.2;1;10297488815;S
20240507;100758;1225.4;1;10297488954;B
20240507;100758;1225.4;2;10297489007;B
20240507;100759;1225.2;1;10297489042;S
20240507;100759;1225.2;7;10297489322;S
20240507;100759;1225.4;1;10297489411;B
20240507;100800;1225.2;1;10297489492;S
20240507;100800;1225.4;1;10297489578;B
20240507;100801;1225.2;1;10297489660;S
20240507;100801;1225.4;1;10297489756;B
20240507;100802;1225.2;1;10297489832;S
20240507;100803;1225.2;1;10297490004;S
20240507;100803;1225.2;1;10297490079;S
20240507;100803;1225.4;7;10297490177;B
20240507;100804;1225.4;1;10297490213;B
20240507;100804;1225.2;1;10297490267;S
20240507;100805;1225.4;1;10297490389;B
20240507;100805;1225.2;1;10297490478;S
20240507;100806;1225.4;1;10297490646;B
20240507;100806;1225.4;1;10297490743;B
20240507;100806;1225.2;1;10297490760;S
20240507;100807;1225.4;1;10297490911;B
20240507;100807;1225.2;1;10297490978;S
20240507;100808;1225.4;1;10297491106;B
20240507;100808;1225.2;1;10297491189;S
20240507;100809;1225.4;1;10297491308;B
20240507;100809;1225.2;1;10297491338;S
20240507;100810;1225.4;1;10297491489;B
20240507;100810;1225.2;1;10297491510;S
20240507;100810;1225.4;2;10297491511;B
20240507;100811;1225.4;1;10297491646;B
20240507;100811;1225.4;2;10297491658;B
20240507;100811;1225.2;1;10297491659;S
20240507;100812;1225.4;1;10297491805;B
20240507;100812;1225.2;1;10297491871;S
20240507;100813;1225.4;3;10297492022;B
20240507;100813;1225.4;1;10297492046;B
20240507;100813;1225.2;1;10297492066;S
20240507;100813;1225.2;9;10297492090;S
20240507;100814;1225.4;1;10297492195;B
20240507;100814;1225.2;1;10297492213;S
20240507;100814;1225.4;1;10297492263;B
20240507;100815;1225.4;3;10297492382;B
20240507;100815;1225.4;1;10297492458;B
20240507;100815;1225.4;11;10297492464;B
20240507;100815;1225.2;1;10297492469;S
20240507;100816;1225.4;1;10297492685;B
20240507;100816;1225.2;1;10297492688;S
20240507;100817;1225.4;1;10297492831;B
20240507;100817;1225.2;1;10297492840;S
20240507;100818;1225.4;1;10297493010;B
20240507;100818;1225.2;1;10297493013;S
20240507;100819;1225.4;1;10297493193;B
20240507;100819;1225.2;1;10297493195;S
20240507;100820;1225.2;1;10297493453;S
20240507;100820;1225.4;1;10297493458;B
20240507;100821;1225.2;100;10297493504;S
20240507;100821;1225.2;1;10297493643;S
20240507;100821;1225.4;1;10297493646;B
20240507;100822;1225.4;1;10297493843;B
20240507;100822;1225.2;1;10297493853;S
20240507;100823;1225.4;39;10297494084;B
20240507;100823;1225.4;1;10297494159;B
20240507;100823;1225.2;1;10297494163;S
20240507;100824;1225.4;1;10297494649;B
20240507;100824;1225.2;1;10297494664;S
20240507;100825;1225.2;14;10297494836;S
20240507;100825;1225.4;1;10297494841;B
20240507;100826;1225.4;2;10297494856;B
20240507;100826;1225.2;1;10297494895;S
20240507;100826;1225.4;1;10297495045;B
20240507;100827;1225.2;1;10297495171;S
20240507;100827;1225.2;1;10297495228;S
20240507;100828;1225.4;8;10297495271;B
20240507;100828;1225.4;1;10297495278;B
20240507;100829;1225.2;1;10297495424;S
20240507;100829;1225.4;1;10297495483;B
20240507;100829;1225.4;1;10297495678;B
20240507;100830;1225.2;1;10297495696;S
20240507;100830;1225.2;1;10297495709;S
20240507;100830;1225.4;1;10297495864;B
20240507;100830;1225.4;1;10297495887;B
20240507;100831;1225.2;1;10297495934;S
20240507;100831;1225.4;1;10297495956;B
20240507;100832;1225.2;1;10297496280;S
20240507;100832;1225.4;1;10297496284;B
20240507;100833;1225.2;1;10297496912;S
20240507;100833;1225.4;1;10297496936;B
20240507;100833;1225.4;2;10297497032;B
20240507;100834;1225.2;1;10297497197;S
20240507;100834;1225.4;1;10297497206;B
20240507;100835;1225.2;1;10297497353;S
20240507;100835;1225.4;1;10297497369;B
20240507;100836;1225.2;1;10297497513;S
20240507;100836;1225.4;1;10297497531;B
20240507;100837;1225.2;1;10297497776;S
20240507;100837;1225.4;1;10297497810;B
20240507;100838;1225.4;10;10297497927;B
20240507;100838;1225.2;1;10297497949;S
20240507;100838;1225.4;1;10297497969;B
20240507;100839;1225.2;1;10297498197;S
20240507;100839;1225.4;1;10297498208;B
20240507;100840;1225.2;1;10297498334;S
20240507;100840;1225.4;1;10297498338;B
20240507;100841;1225.2;1;10297498474;S
20240507;100841;1225.4;1;10297498488;B
20240507;100841;1225.2;3;10297498579;S
20240507;100842;1225.2;1;10297498688;S
20240507;100842;1225.4;1;10297498692;B
20240507;100842;1225.2;100;10297498725;S
20240507;100842;1225.4;3;10297498739;B
20240507;100843;1225.2;1;10297498836;S
20240507;100843;1225.4;1;10297498837;B
20240507;100844;1225.2;1;10297499153;S
20240507;100844;1225.4;1;10297499184;B
20240507;100845;1225.2;1;10297499288;S
20240507;100845;1225.4;1;10297499359;B
20240507;100846;1225.2;1;10297499466;S
20240507;100846;1225.4;1;10297499503;B
20240507;100847;1225.2;1;10297499596;S
20240507;100847;1225.4;1;10297499663;B
20240507;100848;1225.2;1;10297499766;S
20240507;100848;1225.4;1;10297499820;B
20240507;100849;1225.2;1;10297500012;S
20240507;100849;1225.2;103;10297500073;S
20240507;100850;1225.4;1;10297500083;B
20240507;100850;1225.2;1;10297500141;S
20240507;100851;1225.4;1;10297500244;B
20240507;100851;1225.2;1;10297500319;S
20240507;100852;1225.4;1;10297500445;B
20240507;100852;1225.4;1;10297500481;B
20240507;100852;1225.2;1;10297500544;S
20240507;100853;1225.4;1;10297500868;B
20240507;100853;1225.2;1;10297500950;S
20240507;100853;1225.2;4;10297501063;S
20240507;100854;1225.4;1;10297501108;B
20240507;100854;1225.2;1;10297501183;S
20240507;100855;1225.4;1;10297501269;B
20240507;100855;1225.2;1;10297501362;S
20240507;100856;1225.4;1;10297501490;B
20240507;100856;1225.2;1;10297501542;S
20240507;100857;1225.4;1;10297501634;B
20240507;100857;1225.2;1;10297501726;S
20240507;100857;1225.4;10;10297501749;B
20240507;100858;1225.4;1;10297501787;B
20240507;100858;1225.2;100;10297501840;S
20240507;100858;1225.2;1;10297501864;S
20240507;100859;1225.4;1;10297502004;B
20240507;100859;1225.2;1;10297502062;S
20240507;100859;1225.2;1;10297502079;S
20240507;100900;1225.4;1;10297502206;B
20240507;100900;1225.2;1;10297502276;S
20240507;100901;1225.4;1;10297502383;B
20240507;100901;1225.2;1;10297502397;S
20240507;100902;1225.4;1;10297502550;B
20240507;100902;1225.2;1;10297502578;S
20240507;100902;1225.2;2;10297502590;S
20240507;100903;1225.4;1;10297502712;B
20240507;100903;1225.2;1;10297502728;S
20240507;100903;1225.4;69;10297502762;B
20240507;100903;1225.4;366;10297502763;B
20240507;100903;1225.4;97;10297502764;B
20240507;100903;1225.4;13;10297502765;B
20240507;100903;1225.4;600;10297502766;B
20240507;100903;1225.4;61;10297502767;B
20240507;100903;1225.4;53;10297502768;B
20240507;100903;1225.4;164;10297502769;B
20240507;100903;1225.4;99;10297502770;B
20240507;100903;1225.4;1;10297502771;B
20240507;100904;1225.6;1;10297502854;B
20240507;100904;1225.6;10;10297502860;B
20240507;100904;1225.4;1;10297502869;S
20240507;100905;1225.4;100;10297502914;S
20240507;100905;1225.6;1;10297503012;B
20240507;100905;1225.4;1;10297503025;S
20240507;100906;1225.6;1;10297503198;B
20240507;100906;1225.4;1;10297503215;S
20240507;100907;1225.6;1;10297503377;B
20240507;100907;1225.4;1;10297503385;S
20240507;100908;1225.6;1;10297503560;B
20240507;100908;1225.4;1;10297503573;S
20240507;100909;1225.6;1;10297503761;B
20240507;100909;1225.6;4;10297503764;B
20240507;100909;1225.4;1;10297503773;S
20240507;100909;1225.4;50;10297503790;S
20240507;100910;1225.4;321;10297503905;S
20240507;100910;1225.4;50;10297503906;S
20240507;100910;1225.4;12;10297503907;S
20240507;100910;1225.4;1;10297503916;B
20240507;100910;1225.2;1;10297503953;S
20240507;100911;1225.2;2;10297504033;S
20240507;100911;1225.4;1;10297504057;B
20240507;100911;1225.4;1;10297504111;B
20240507;100911;1225.2;1;10297504141;S
20240507;100912;1225.4;1;10297504296;B
20240507;100912;1225.4;60;10297504299;B
20240507;100912;1225.2;1;10297504317;S
20240507;100913;1225.4;5;10297504482;B
20240507;100913;1225.4;1;10297504539;B
20240507;100914;1225.2;1;10297504549;S
20240507;100914;1225.4;1;10297504755;B
20240507;100915;1225.2;1;10297504764;S
20240507;100915;1225.4;2;10297504787;B
20240507;100915;1225.4;1;10297504902;B
20240507;100916;1225.2;1;10297504943;S
20240507;100916;1225.4;1;10297505046;B
20240507;100917;1225.2;1;10297505111;S
20240507;100917;1225.4;1;10297505198;B
20240507;100918;1225.2;1;10297505219;S
20240507;100919;1225.2;1;10297505418;S
20240507;100919;1225.4;1;10297505421;B
20240507;100919;1225.2;1;10297505510;S
20240507;100919;1225.4;20;10297505523;B
20240507;100920;1225.2;1;10297505574;S
20240507;100920;1225.4;1;10297505585;B
20240507;100920;1225.4;1;10297505624;B
20240507;100921;1225.2;1;10297505746;S
20240507;100921;1225.4;1;10297505752;B
20240507;100921;1225.4;25;10297505784;B
20240507;100921;1225.4;3;10297505785;B
20240507;100922;1225.2;1;10297505888;S
20240507;100922;1225.4;1;10297505909;B
20240507;100923;1225.2;1;10297506014;S
20240507;100923;1225.4;1;10297506036;B
20240507;100923;1225.4;3;10297506041;B
20240507;100923;1225.2;2;10297506090;S
20240507;100924;1225.2;1;10297506165;S
20240507;100924;1225.4;1;10297506189;B
20240507;100925;1225.2;1;10297506299;S
20240507;100925;1225.4;1;10297506315;B
20240507;100926;1225.4;5;10297506413;B
20240507;100926;1225.2;1;10297506431;S
20240507;100926;1225.4;1;10297506449;B
20240507;100927;1225.4;1;10297506595;B
20240507;100927;1225.2;1;10297506654;S
20240507;100928;1225.2;1;10297506733;S
20240507;100928;1225.4;1;10297506761;B
20240507;100928;1225.4;84;10297506864;B
20240507;100928;1225.4;16;10297506865;B
20240507;100929;1225.2;1;10297506940;S
20240507;100929;1225.4;1;10297506961;B
20240507;100929;1225.2;124;10297506970;S
20240507;100929;1225.2;10;10297506971;S
20240507;100929;1225.2;1;10297506972;S
20240507;100929;1225.4;1;10297506973;B
20240507;100929;1225.2;9;10297506975;S
20240507;100929;1225.2;4;10297506976;S
20240507;100929;1225.2;2;10297506977;S
20240507;100929;1225.2;100;10297506978;S
20240507;100929;1225.2;2;10297506979;S
20240507;100929;1225.2;1;10297506980;S
20240507;100929;1225.2;1;10297506981;S
20240507;100929;1225.4;146;10297507015;B
20240507;100929;1225.4;354;10297507016;B
20240507;100930;1225.2;1;10297507065;S
20240507;100930;1225.4;1;10297507085;B
20240507;100931;1225.2;1;10297507250;S
20240507;100931;1225.4;1;10297507271;B
20240507;100932;1225.2;1;10297507437;S
20240507;100932;1225.4;1;10297507450;B
20240507;100933;1225.2;1;10297507634;S
20240507;100933;1225.4;1;10297507650;B
20240507;100933;1225.4;30;10297507651;B
20240507;100934;1225.2;1;10297507983;S
20240507;100934;1225.4;1;10297508035;B
20240507;100935;1225.2;1;10297508224;S
20240507;100935;1225.4;1;10297508250;B
20240507;100936;1225.4;29;10297508351;B
20240507;100936;1225.2;1;10297508383;S
20240507;100936;1225.4;1;10297508424;B
20240507;100937;1225.2;1;10297508540;S
20240507;100937;1225.4;1;10297508563;B
20240507;100938;1225.4;7;10297508660;B
20240507;100938;1225.2;1;10297508708;S
20240507;100938;1225.4;1;10297508735;B
20240507;100939;1225.2;1;10297508884;S
20240507;100939;1225.4;1;10297508903;B
20240507;100940;1225.2;1;10297509015;S
20240507;100940;1225.4;1;10297509028;B
20240507;100941;1225.4;113;10297509080;B
20240507;100941;1225.2;1;10297509106;S
20240507;100941;1225.4;1;10297509127;B
20240507;100942;1225.2;1;10297509239;S
20240507;100942;1225.2;1;10297509280;S
20240507;100942;1225.4;1;10297509306;B
20240507;100943;1225.4;1;10297509435;B
20240507;100943;1225.4;1;10297509452;B
20240507;100944;1225.4;1;10297509559;B
20240507;100945;1225.4;1;10297509591;B
20240507;100945;1225.4;1;10297509750;B
20240507;100946;1225.4;1;10297509810;B
20240507;100946;1225.4;1;10297509920;B
20240507;100947;1225.4;1;10297509959;B
20240507;100947;1225.4;1;10297509966;B
20240507;100947;1225.4;1;10297510055;B
20240507;100948;1225.4;1;10297510099;B
20240507;100948;1225.4;1;10297510210;B
20240507;100949;1225.4;1;10297510277;B
20240507;100949;1225.4;1;10297510294;B
20240507;100949;1225.4;1;10297510389;B
20240507;100950;1225.4;5;10297510416;B
20240507;100950;1225.4;1;10297510471;B
20240507;100950;1225.2;80;10297510594;S
20240507;100950;1225.4;1;10297510621;B
20240507;100951;1225.4;1;10297510698;B
20240507;100951;1225.4;1;10297510768;B
20240507;100952;1225.4;1;10297510951;B
20240507;100952;1225.4;1;10297511029;B
20240507;100953;1225.4;123;10297511056;B
20240507;100953;1225.4;99;10297511057;B
20240507;100953;1225.4;164;10297511058;B
20240507;100953;1225.4;464;10297511059;B
20240507;100953;1225.6;1;10297511110;B
20240507;100953;1225.6;1;10297511186;B
20240507;100954;1225.6;1;10297511294;B
20240507;100955;1225.6;1;10297511393;B
20240507;100955;1225.6;1;10297511473;B
20240507;100956;1225.6;1;10297511537;B
20240507;100956;1225.6;1;10297511613;B
20240507;100956;1225.4;80;10297511664;S
20240507;100957;1225.6;1;10297511712;B
20240507;100957;1225.6;1;10297511776;B
20240507;100958;1225.6;1;10297511850;B
20240507;100958;1225.6;5;10297511930;B
20240507;100958;1225.6;1;10297511938;B
20240507;100958;1225.4;3;10297511978;S
20240507;100958;1225.2;3;10297511979;S
20240507;100958;1225.2;1;10297511980;S
20240507;100958;1225.2;1;10297511981;S
20240507;100958;1225.2;4;10297511982;S
20240507;100958;1225.2;4;10297511983;S
20240507;100958;1225.2;10;10297511984;S
20240507;100958;1225.2;10;10297511985;S
20240507;100958;1225.2;44;10297511986;S
20240507;100959;1225.6;1;10297512032;B
20240507;100959;1225.6;6;10297512075;B
20240507;100959;1225.6;1;10297512102;B
20240507;101000;1225.6;1;10297512140;B
20240507;101000;1225.2;15;10297512267;S
20240507;101000;1225.6;1;10297512370;B
20240507;101000;1225.6;1;10297512452;B
20240507;101001;1225.6;1;10297512533;B
20240507;101001;1225.2;2;10297512609;S
20240507;101001;1225.6;1;10297512655;B
20240507;101002;1225.6;1;10297512721;B
20240507;101002;1225.6;1;10297512887;B
20240507;101003;1225.6;1;10297512945;B
20240507;101003;1225.6;85;10297513016;B
20240507;101004;1225.6;1;10297513142;B
20240507;101004;1225.6;1;10297513182;B
20240507;101005;1225.6;1;10297513341;B
20240507;101005;1225.6;1;10297513408;B
20240507;101006;1225.2;1;10297513558;S
20240507;101006;1225.2;79;10297513559;S
20240507;101006;1225.6;1;10297513560;B
20240507;101006;1225.6;1;10297513622;B
20240507;101007;1225.6;1;10297513898;B
20240507;101007;1225.6;1;10297513936;B
20240507;101007;1225.6;2;10297514055;B
20240507;101008;1225.2;9;10297514123;S
20240507;101008;1225.2;51;10297514124;S
20240507;101008;1225.2;20;10297514125;S
20240507;101008;1225.6;1;10297514143;B
20240507;101008;1225.6;1;10297514164;B
20240507;101008;1225.6;1;10297514246;B
20240507;101009;1225.6;1;10297514286;B
20240507;101009;1225.6;1;10297514310;B
20240507;101009;1225.2;3;10297514350;S
20240507;101010;1225.6;22;10297514376;B
20240507;101010;1225.6;5;10297514377;B
20240507;101010;1225.6;13;10297514378;B
20240507;101010;1225.6;1;10297514412;B
20240507;101010;1225.6;1;10297514425;B
20240507;101011;1225.6;1;10297514565;B
20240507;101011;1225.6;1;10297514584;B
20240507;101012;1225.6;1;10297514767;B
20240507;101012;1225.6;1;10297514775;B
20240507;101013;1225.6;1;10297514914;B
20240507;101013;1225.6;1;10297514917;B
20240507;101013;1225.6;1;10297514951;B
20240507;101014;1225.6;1;10297515018;B
20240507;101014;1225.6;1;10297515028;B
20240507;101015;1225.6;1;10297515217;B
20240507;101015;1225.6;1;10297515218;B
20240507;101016;1225.6;1;10297515394;B
20240507;101016;1225.6;10;10297515401;B
20240507;101016;1225.6;1;10297515406;B
20240507;101017;1225.6;1;10297515559;B
20240507;101017;1225.6;1;10297515573;B
20240507;101018;1225.6;10;10297515713;B
20240507;101018;1225.6;1;10297515762;B
20240507;101018;1225.6;1;10297515769;B
20240507;101019;1225.6;1;10297516008;B
20240507;101019;1225.6;1;10297516035;B
20240507;101020;1225.6;1;10297516202;B
20240507;101020;1225.6;1;10297516250;B
20240507;101021;1225.6;1;10297516386;B
20240507;101022;1225.6;1;10297516460;B
20240507;101022;1225.6;1;10297516568;B
20240507;101023;1225.6;1;10297516656;B
20240507;101023;1225.6;1;10297516768;B
20240507;101024;1225.6;1;10297516900;B
20240507;101024;1225.6;1;10297516989;B
20240507;101025;1225.6;1;10297517076;B
20240507;101025;1225.6;1;10297517177;B
20240507;101026;1225.6;1;10297517213;B
20240507;101027;1225.6;1;10297517370;B
20240507;101027;1225.6;1;10297517378;B
20240507;101027;1225.6;1;10297517491;B
20240507;101028;1225.6;1;10297517569;B
20240507;101028;1225.6;1;10297517591;B
20240507;101029;1225.6;1;10297517647;B
20240507;101029;1225.6;1;10297517686;B
20240507;101029;1225.2;161;10297517731;S
20240507;101029;1225.2;99;10297517732;S
20240507;101029;1225.2;9;10297517733;S
20240507;101029;1225.2;51;10297517734;S
20240507;101029;1225.2;80;10297517735;S
20240507;101029;1225.2;61;10297517736;S
20240507;101029;1225.2;80;10297517737;S
20240507;101029;1225;9;10297517738;S
20240507;101029;1225;3;10297517739;S
20240507;101029;1225;2;10297517740;S
20240507;101029;1225;10;10297517741;S
20240507;101029;1225;1;10297517742;S
20240507;101029;1225;10;10297517743;S
20240507;101029;1225;1;10297517744;S
20240507;101029;1225;1;10297517745;S
20240507;101029;1225;272;10297517746;S
20240507;101029;1225.6;1;10297517775;B
20240507;101030;1225.6;1;10297517879;B
20240507;101030;1225.6;1;10297517914;B
20240507;101031;1225.6;1;10297518023;B
20240507;101031;1225.6;1;10297518082;B
20240507;101032;1225.6;1;10297518175;B
20240507;101032;1225.6;1;10297518210;B
20240507;101033;1225.6;1;10297518314;B
20240507;101033;1225.6;10;10297518323;B
20240507;101033;1225.6;1;10297518343;B
20240507;101034;1225.6;1;10297518437;B
20240507;101034;1225.6;1;10297518472;B
20240507;101035;1225.6;1;10297518592;B
20240507;101036;1225.6;1;10297518625;B
20240507;101036;1225.6;1;10297518737;B
20240507;101037;1225.6;1;10297518760;B
20240507;101038;1225.6;1;10297519027;B
20240507;101038;1225.6;1;10297519056;B
20240507;101038;1225.2;2;10297519074;S
20240507;101039;1225.6;1;10297519286;B
20240507;101039;1225.6;1;10297519294;B
20240507;101040;1225.6;1;10297519481;B
20240507;101040;1225.6;1;10297519488;B
20240507;101041;1225.6;1;10297519640;B
20240507;101041;1225.6;1;10297519642;B
20240507;101041;1225.2;162;10297519704;S
20240507;101041;1225.2;69;10297519705;S
20240507;101041;1225.2;8;10297519706;S
20240507;101041;1225.2;50;10297519707;S
20240507;101042;1225.2;1;10297519778;B
20240507;101042;1225.2;1;10297519779;B
20240507;101043;1225.2;1;10297519943;B
20240507;101043;1225.2;1;10297519944;B
20240507;101044;1225.2;1;10297520035;B
20240507;101044;1225.2;1;10297520061;B
20240507;101045;1225.2;1;10297520176;B
20240507;101045;1225.2;1;10297520184;B
20240507;101045;1225.2;2;10297520236;B
20240507;101046;1225.2;1;10297520332;B
20240507;101046;1225.2;1;10297520339;B
20240507;101047;1225.2;1;10297520549;B
20240507;101047;1225.2;1;10297520567;B
20240507;101048;1225.2;1;10297520690;B
20240507;101048;1225.2;1;10297520709;B
20240507;101049;1225.2;1;10297520860;B
20240507;101049;1225.2;1;10297520868;B
20240507;101050;1225.2;1;10297521018;B
20240507;101050;1225.2;1;10297521025;B
20240507;101051;1225.2;1;10297521133;B
20240507;101051;1225.2;1;10297521237;B
20240507;101051;1225.2;1;10297521247;B
20240507;101052;1225.2;2;10297521395;B
20240507;101052;1225.2;1;10297521427;B
20240507;101052;1225.2;1;10297521440;B
20240507;101053;1225.2;1;10297521594;B
20240507;101053;1225.2;1;10297521642;B
20240507;101054;1225.2;1;10297521777;B
20240507;101054;1225.2;1;10297521793;B
20240507;101054;1225.2;1;10297521802;B
20240507;101055;1225.2;1;10297521992;B
20240507;101055;1225.2;10;10297522003;B
20240507;101055;1225.2;1;10297522011;B
20240507;101056;1225.2;1;10297522199;B
20240507;101056;1225.2;1;10297522200;B
20240507;101057;1225.2;1;10297522385;B
20240507;101057;1225.2;1;10297522393;B
20240507;101058;1225.2;1;10297522717;B
20240507;101058;1225.2;1;10297522740;B
20240507;101059;1225.2;1;10297523264;B
20240507;101059;1225.2;1;10297523270;B
20240507;101100;1225.2;1;10297523516;B
20240507;101100;1225.2;1;10297523548;B
20240507;101101;1225.2;85;10297523720;B
20240507;101101;1225.2;3;10297523759;B
20240507;101101;1225.2;1;10297523761;B
20240507;101101;1225.2;1;10297523773;B
20240507;101101;1225.2;1;10297523776;B
20240507;101102;1225.2;1;10297523792;B
20240507;101102;1225.2;1;10297523898;B
20240507;101102;1225.2;1;10297523916;B
20240507;101103;1225.2;1;10297524062;B
20240507;101103;1225.2;1;10297524090;B
20240507;101104;1225.2;1;10297524283;B
20240507;101105;1225.2;1;10297524301;B
20240507;101105;1225.2;1;10297524448;B
20240507;101106;1225.2;1;10297524476;B
20240507;101106;1225.2;2;10297524557;B
20240507;101106;1225.2;1;10297524612;B
20240507;101107;1225.2;1;10297524624;B
20240507;101107;1225.2;1;10297524779;B
20240507;101108;1225.2;1;10297524796;B
20240507;101108;1225.2;1;10297524909;B
20240507;101109;1225.2;1;10297524925;B
20240507;101109;1225.2;1;10297525054;B
20240507;101110;1225.2;1;10297525084;B
20240507;101110;1225.2;1;10297525320;B
20240507;101111;1225.2;1;10297525342;B
20240507;101112;1225.2;1;10297525539;B
20240507;101112;1225.2;1;10297525578;B
20240507;101113;1225.2;1;10297525732;B
20240507;101113;1225.2;1;10297525799;B
20240507;101114;1225.2;1;10297525926;B
20240507;101114;1225.2;1;10297525961;B
20240507;101115;1225.2;1;10297526081;B
20240507;101115;1225.2;1;10297526129;B
20240507;101115;1225;8;10297526163;S
20240507;101115;1225.2;2;10297526207;B
20240507;101116;1225.2;1;10297526265;B
20240507;101116;1225.2;1;10297526282;B
20240507;101117;1225.2;1;10297526456;B
20240507;101117;1225.2;1;10297526494;B
20240507;101118;1225.2;1;10297526692;B
20240507;101118;1225.2;1;10297526721;B
20240507;101119;1225.2;1;10297526826;B
20240507;101119;1225.2;1;10297526855;B
20240507;101119;1225.2;1;10297526865;B
20240507;101120;1225.2;1;10297526922;B
20240507;101120;1225.2;1;10297526947;B
20240507;101121;1225.2;1;10297527033;B
20240507;101121;1225;1;10297527062;S
20240507;101121;1225.2;1;10297527080;B
20240507;101122;1225.2;1;10297527163;B
20240507;101122;1225.2;1;10297527198;B
20240507;101123;1225.2;1;10297527367;B
20240507;101123;1225.2;1;10297527411;B
20240507;101124;1225.2;6;10297527582;B
20240507;101124;1225.2;1;10297527587;B
20240507;101124;1225.2;1;10297527637;B
20240507;101125;1225.2;1;10297527733;B
20240507;101125;1225.2;1;10297527776;B
20240507;101126;1225.2;1;10297527886;B
20240507;101126;1225.2;1;10297527986;B
20240507;101127;1225.2;1;10297528130;B
20240507;101127;1225.2;1;10297528131;B
20240507;101128;1225.2;1;10297528369;B
20240507;101128;1225.2;1;10297528370;B
20240507;101129;1225.2;1;10297528501;B
20240507;101129;1225.2;1;10297528540;B
20240507;101129;1225.2;2;10297528546;B
20240507;101129;1225.2;1;10297528605;B
20240507;101130;1225;1;10297528661;S
20240507;101130;1225.2;1;10297528698;B
20240507;101130;1225.2;1;10297528705;B
20240507;101130;1225.2;1;10297528743;B
20240507;101131;1225.2;1;10297528811;B
20240507;101131;1225.2;1;10297528853;B
20240507;101132;1225.2;1;10297528927;B
20240507;101132;1225;14;10297528958;S
20240507;101133;1225.2;1;10297528990;B
20240507;101133;1225.2;1;10297529071;B
20240507;101134;1225.2;1;10297529174;B
20240507;101134;1225.2;1;10297529244;B
20240507;101135;1225.2;1;10297529333;B
20240507;101135;1225.2;1;10297529413;B
20240507;101135;1225;30;10297529475;S
20240507;101136;1225.2;10;10297529504;B
20240507;101136;1225.2;1;10297529515;B
20240507;101136;1225.2;1;10297529612;B
20240507;101137;1225.2;1;10297529703;B
20240507;101137;1225.2;1;10297529779;B
20240507;101138;1225.2;1;10297529883;B
20240507;101138;1225.2;1;10297529908;B
20240507;101138;1225.2;1;10297529948;B
20240507;101138;1225.2;1;10297529984;B
20240507;101139;1225.2;1;10297530054;B
20240507;101139;1225.2;1;10297530072;B
20240507;101139;1225.2;1;10297530105;B
20240507;101140;1225.2;1;10297530212;B
20240507;101140;1225.2;1;10297530261;B
20240507;101140;1225.2;2;10297530320;B
20240507;101140;1225.2;1;10297530325;B
20240507;101141;1225.2;1;10297530472;B
20240507;101141;1225.2;1;10297530496;B
20240507;101142;1225.2;1;10297530598;B
20240507;101142;1225.2;1;10297530659;B
20240507;101143;1225;184;10297530685;S
20240507;101143;1225;5;10297530686;S
20240507;101143;1225;2;10297530687;S
20240507;101143;1225;119;10297530688;S
20240507;101143;1225.2;1;10297530733;B
20240507;101143;1225.2;1;10297530860;B
20240507;101144;1225.2;1;10297531056;B
20240507;101144;1225.2;1;10297531107;B
20240507;101145;1225.2;1;10297531239;B
20240507;101145;1225.2;1;10297531319;B
20240507;101145;1225.2;1;10297531346;B
20240507;101146;1225.2;1;10297531540;B
20240507;101146;1225.2;1;10297531570;B
20240507;101146;1225.2;1;10297531575;B
20240507;101147;1225;350;10297531614;S
20240507;101147;1225.2;1;10297531630;B
20240507;101147;1225.2;1;10297531813;B
20240507;101147;1225.2;1;10297531862;B
20240507;101148;1225.2;1;10297532023;B
20240507;101148;1225.2;1;10297532038;B
20240507;101149;1225.2;1;10297532194;B
20240507;101149;1225.2;1;10297532213;B
20240507;101150;1225.2;1;10297532349;B
20240507;101150;1225.2;1;10297532366;B
20240507;101151;1225.2;1;10297532549;B
20240507;101151;1225.2;1;10297532600;B
20240507;101152;1225.2;4;10297532769;B
20240507;101152;1225.2;1;10297532853;B
20240507;101153;1225.2;1;10297532891;B
20240507;101153;1225.2;1;10297532993;B
20240507;101154;1225.6;1;10297533041;B
20240507;101154;1225.2;1;10297533141;B
20240507;101155;1225.6;1;10297533170;B
20240507;101155;1225.2;1;10297533319;B
20240507;101156;1225.6;1;10297533334;B
20240507;101156;1225.2;1;10297533474;B
20240507;101157;1225.6;1;10297533497;B
20240507;101157;1225;2;10297533555;S
20240507;101158;1225.2;1;10297533672;B
20240507;101158;1225.6;1;10297533698;B
20240507;101159;1225.2;1;10297534007;B
20240507;101159;1225.6;1;10297534015;B
20240507;101159;1225.2;1;10297534060;B
20240507;101200;1225.2;1;10297534172;B
20240507;101200;1225.6;1;10297534186;B
20240507;101201;1225.2;1;10297534322;B
20240507;101201;1225.2;1;10297534448;B
20240507;101202;1225.2;1;10297534592;B
20240507;101202;1225.2;1;10297534650;B
20240507;101203;1225.2;1;10297534810;B
20240507;101203;1225;6;10297534816;S
20240507;101203;1225.2;1;10297534843;B
20240507;101204;1225.2;1;10297534931;B
20240507;101204;1225.2;1;10297534989;B
20240507;101205;1225.2;1;10297535116;B
20240507;101205;1225.2;1;10297535165;B
20240507;101206;1225.2;1;10297535270;B
20240507;101206;1225.2;1;10297535299;B
20240507;101207;1225;23;10297535433;S
20240507;101207;1225;1;10297535434;S
20240507;101207;1225;5;10297535435;S
20240507;101207;1225;1;10297535436;S
20240507;101207;1225;1;10297535437;S
20240507;101207;1225;3;10297535438;S
20240507;101207;1225;1;10297535439;S
20240507;101207;1225;1;10297535440;S
20240507;101207;1225;5;10297535441;S
20240507;101207;1225;1;10297535442;S
20240507;101207;1225;7;10297535443;S
20240507;101207;1225.2;1;10297535451;B
20240507;101207;1225.2;1;10297535490;B
20240507;101207;1225;10;10297535532;S
20240507;101208;1225.2;1;10297535615;B
20240507;101208;1225.4;1;10297535644;B
20240507;101208;1225.2;1;10297535653;B
20240507;101208;1225.2;130;10297535687;S
20240507;101209;1225.6;1;10297535775;B
20240507;101209;1225.6;1;10297535805;B
20240507;101210;1225.6;1;10297535884;B
20240507;101210;1225.6;1;10297535934;B
20240507;101211;1225.6;4;10297536034;B
20240507;101211;1225.6;46;10297536035;B
20240507;101211;1225.6;1;10297536043;B
20240507;101211;1225.6;1;10297536137;B
20240507;101212;1225.6;1;10297536360;B
20240507;101212;1225.6;1;10297536408;B
20240507;101213;1225.4;3;10297536481;S
20240507;101213;1225.2;20;10297536482;S
20240507;101213;1225.2;49;10297536483;S
20240507;101213;1225.2;7;10297536484;S
20240507;101213;1225.2;1;10297536507;B
20240507;101213;1225.2;7;10297536554;B
20240507;101213;1225.2;1;10297536562;B
20240507;101213;1225.2;10;10297536590;B
20240507;101214;1225.2;1;10297536687;B
20240507;101214;1225.2;1;10297536753;B
20240507;101215;1225.6;1;10297536970;B
20240507;101215;1225.6;1;10297537090;B
20240507;101215;1225.6;1;10297537091;B
20240507;101215;1225;1;10297537180;S
20240507;101216;1225.6;1;10297537284;B
20240507;101216;1225.6;1;10297537302;B
20240507;101217;1225.6;1;10297537419;B
20240507;101217;1225.6;1;10297537429;B
20240507;101217;1225.6;1;10297537446;B
20240507;101218;1225.6;1;10297537658;B
20240507;101218;1225.6;1;10297537671;B
20240507;101219;1225.6;1;10297537805;B
20240507;101219;1225.6;1;10297537820;B
20240507;101220;1225.6;1;10297537986;B
20240507;101220;1225.6;1;10297538006;B
20240507;101221;1225;4;10297538122;S
20240507;101221;1225.6;1;10297538133;B
20240507;101221;1225.6;1;10297538147;B
20240507;101222;1225.6;1;10297538269;B
20240507;101222;1225.6;1;10297538282;B
20240507;101222;1225.6;7;10297538291;B
20240507;101222;1225.8;13;10297538292;B
20240507;101222;1225.8;1;10297538293;B
20240507;101222;1225.8;4;10297538294;B
20240507;101222;1225.8;5;10297538295;B
20240507;101222;1225.8;8;10297538296;B
20240507;101222;1225.8;48;10297538297;B
20240507;101222;1226;75;10297538298;B
20240507;101222;1225.2;13;10297538301;S
20240507;101222;1225.2;31;10297538302;S
20240507;101223;1225.8;1;10297538452;B
20240507;101223;1225.8;1;10297538466;B
20240507;101224;1225.8;1;10297538592;B
20240507;101224;1225.8;1;10297538632;B
20240507;101225;1225.8;1;10297538791;B
20240507;101225;1225.8;1;10297538850;B
20240507;101226;1225.8;1;10297538953;B
20240507;101227;1225.8;1;10297538997;B
20240507;101227;1225.8;1;10297539090;B
20240507;101227;1225.8;1;10297539102;B
20240507;101228;1225.8;1;10297539265;B
20240507;101229;1225.8;1;10297539316;B
20240507;101229;1225.8;1;10297539448;B
20240507;101229;1225.8;1;10297539459;B
20240507;101229;1225.8;1;10297539475;B
20240507;101230;1225.8;1;10297539627;B
20240507;101231;1225.8;1;10297539657;B
20240507;101231;1225.8;1;10297539837;B
20240507;101231;1225.8;1;10297539843;B
20240507;101231;1225.8;9;10297539844;B
20240507;101232;1225.8;1;10297539867;B
20240507;101232;1226;1;10297539950;B
20240507;101233;1226;1;10297539977;B
20240507;101233;1226;1;10297540101;B
20240507;101234;1226;1;10297540129;B
20240507;101234;1226;1;10297540265;B
20240507;101235;1226;6;10297540329;B
20240507;101235;1226;1;10297540350;B
20240507;101236;1226;1;10297540464;B
20240507;101236;1225.8;1;10297540477;B
20240507;101237;1226;1;10297540655;B
20240507;101237;1226;1;10297540691;B
20240507;101238;1226;1;10297540844;B
20240507;101238;1226;1;10297540858;B
20240507;101239;1226;1;10297541051;B
20240507;101239;1225.8;1;10297541068;B
20240507;101239;1226;1;10297541134;B
20240507;101239;1226;921;10297541157;B
20240507;101239;1226;4;10297541158;B
20240507;101239;1226;333;10297541159;B
20240507;101239;1226;1;10297541160;B
20240507;101239;1226;25;10297541161;B
20240507;101239;1226;260;10297541162;B
20240507;101240;1226;1;10297541182;B
20240507;101240;1226;1;10297541196;B
20240507;101241;1226;1;10297541391;B
20240507;101241;1226;1;10297541403;B
20240507;101242;1226;1;10297541545;B
20240507;101242;1226;1;10297541567;B
20240507;101243;1226;1;10297541701;B
20240507;101243;1226;1;10297541718;B
20240507;101244;1226;1;10297541837;B
20240507;101244;1226;1;10297541851;B
20240507;101244;1226;5;10297541912;B
20240507;101245;1226;1;10297541965;B
20240507;101245;1226;1;10297542046;B
20240507;101246;1226;1;10297542203;B
20240507;101246;1226;1;10297542208;B
20240507;101246;1226;1;10297542232;B
20240507;101247;1226;1;10297542414;B
20240507;101247;1226;1;10297542425;B
20240507;101248;1226;1;10297542541;B
20240507;101248;1226;1;10297542555;B
20240507;101249;1226;1;10297542749;B
20240507;101249;1226;1;10297542760;B
20240507;101250;1226;4;10297542936;B
20240507;101250;1226;1;10297542956;B
20240507;101250;1226;1;10297543004;B
20240507;101251;1226;1;10297543537;B
20240507;101251;1226;1;10297543544;B
20240507;101252;1226;1;10297543710;B
20240507;101252;1226;1;10297543777;B
20240507;101252;1226;1;10297543803;B
20240507;101252;1226;3;10297543927;B
20240507;101253;1226;10;10297544061;B
20240507;101253;1226;1;10297544066;B
20240507;101253;1226;1;10297544117;B
20240507;101254;1226;17;10297544294;B
20240507;101254;1226;1;10297544296;B
20240507;101254;1226;1;10297544325;B
20240507;101255;1226;1;10297544520;B
20240507;101255;1226;1;10297544537;B
20240507;101256;1226;1;10297544665;B
20240507;101256;1226;1;10297544681;B
20240507;101257;1226;1;10297544816;B
20240507;101257;1226;1;10297544842;B
20240507;101258;1226;1;10297544985;B
20240507;101258;1226;1;10297545056;B
20240507;101258;1226;1;10297545061;B
20240507;101259;1226;1;10297545202;B
20240507;101259;1226;1;10297545238;B
20240507;101300;1226;1;10297545473;B
20240507;101300;1225.8;2;10297545482;S
20240507;101300;1226;1;10297545509;B
20240507;101301;1226;1;10297545647;B
20240507;101301;1226;1;10297545693;B
20240507;101302;1226;1;10297545860;B
20240507;101302;1226;1;10297545912;B
20240507;101303;1226;1;10297546039;B
20240507;101303;1226;1;10297546108;B
20240507;101304;1226;1;10297546264;B
20240507;101304;1226;1;10297546291;B
20240507;101305;1226;1;10297546405;B
20240507;101305;1226;1;10297546439;B
20240507;101306;1226;1;10297546534;B
20240507;101306;1226;1;10297546548;B
20240507;101306;1226;1;10297546561;B
20240507;101307;1226;1;10297546673;B
20240507;101307;1226;1;10297546692;B
20240507;101308;1226;1;10297546823;B
20240507;101309;1226;1;10297546860;B
20240507;101309;1226;1;10297546954;B
20240507;101310;1226;1;10297546987;B
20240507;101310;1226;1;10297547079;B
20240507;101310;1226;2;10297547090;B
20240507;101311;1226;1;10297547113;B
20240507;101311;1226;1;10297547273;B
20240507;101312;1226;1;10297547342;B
20240507;101312;1226;1;10297547433;B
20240507;101313;1226;1;10297547617;B
20240507;101313;1226;1;10297547744;B
20240507;101314;1226;1;10297547787;B
20240507;101314;1226;1;10297547878;B
20240507;101315;1226;1;10297547916;B
20240507;101315;1226;1;10297548019;B
20240507;101316;1226;1;10297548115;B
20240507;101316;1226;1;10297548223;B
20240507;101317;1226;1;10297548267;B
20240507;101317;1226;1;10297548411;B
20240507;101318;1226;1;10297548523;B
20240507;101318;1226;1;10297548617;B
20240507;101319;1226;1;10297548680;B
20240507;101319;1226;1;10297548709;B
20240507;101319;1226;1;10297548785;B
20240507;101320;1226;1;10297548878;B
20240507;101320;1226;1;10297548970;B
20240507;101321;1226;1;10297549037;B
20240507;101321;1226;1;10297549156;B
20240507;101322;1226;1;10297549203;B
20240507;101322;1226;1;10297549369;B
20240507;101323;1226;1;10297549475;B
20240507;101323;1226;14;10297549519;B
20240507;101323;1226;57;10297549520;B
20240507;101323;1226;2;10297549521;B
20240507;101323;1226;1;10297549653;B
20240507;101324;1226;1;10297549726;B
20240507;101324;1226;1;10297549831;B
20240507;101325;1226;1;10297549902;B
20240507;101326;1226;1;10297550037;B
20240507;101326;1226;1;10297550084;B
20240507;101327;1226;1;10297550177;B
20240507;101327;1226;1;10297550233;B
20240507;101328;1226;1;10297550275;B
20240507;101328;1226;25;10297550297;B
20240507;101328;1226;2;10297550298;B
20240507;101328;1226.2;1;10297550350;B
20240507;101329;1226.2;1;10297550608;B
20240507;101329;1226.2;1;10297550722;B
20240507;101330;1226.2;1;10297550782;B
20240507;101330;1226.2;1;10297550908;B
20240507;101331;1226.2;1;10297550979;B
20240507;101331;1226.2;1;10297550993;B
20240507;101331;1226.2;1;10297551110;B
20240507;101332;1226.2;1;10297551179;B
20240507;101332;1226;73;10297551232;S
20240507;101332;1226;77;10297551233;S
20240507;101332;1226.2;1;10297551320;B
20240507;101333;1226.2;1;10297551391;B
20240507;101333;1226.2;1;10297551513;B
20240507;101334;1226.2;1;10297551557;B
20240507;101335;1226.2;1;10297551718;B
20240507;101335;1226.2;1;10297551757;B
20240507;101336;1226.2;1;10297551878;B
20240507;101336;1226.2;1;10297551955;B
20240507;101336;1226.2;1;10297552030;B
20240507;101337;1226.2;1;10297552142;B
20240507;101337;1226.2;1;10297552211;B
20240507;101338;1226.2;1;10297552327;B
20240507;101338;1226.2;1;10297552430;B
20240507;101339;1226.2;1;10297552557;B
20240507;101339;1226;1;10297552560;S
20240507;101339;1226;5;10297552561;S
20240507;101339;1225.8;3;10297552562;S
20240507;101339;1225.8;31;10297552563;S
20240507;101339;1226.2;1;10297552611;B
20240507;101340;1226.2;1;10297552758;B
20240507;101340;1226.2;25;10297552792;B
20240507;101340;1226.2;10;10297552793;B
20240507;101340;1226.2;25;10297552794;B
20240507;101340;1226.2;50;10297552795;B
20240507;101340;1226.2;1;10297552796;B
20240507;101340;1226.2;130;10297552797;B
20240507;101340;1226.2;61;10297552798;B
20240507;101340;1226.2;47;10297552799;B
20240507;101340;1226.4;151;10297552800;B
20240507;101340;1226.4;1;10297552828;B
20240507;101341;1226.4;1;10297553017;B
20240507;101341;1226.4;1;10297553080;B
20240507;101342;1226.4;1;10297553186;B
20240507;101342;1226.4;1;10297553208;B
20240507;101342;1226.4;1;10297553298;B
20240507;101343;1226.2;1;10297553352;B
20240507;101343;1226.2;1;10297553367;B
