<DATE>;<TIME>;<LAST>;<VOL>;<ID>;<OPER>
20240318;095945;1400;1;9870233622;S
20240318;095945;1400;1;9870233623;B
20240318;095945;1400;3;9870233624;B
20240318;095945;1400;3;9870233625;S
20240318;095945;1400;2;9870233626;S
20240318;095945;1400;3;9870233627;S
20240318;095945;1400;1;9870233628;S
20240318;095945;1400;2;9870233629;S
20240318;095945;1400;2;9870233630;S
20240318;095945;1400;3;9870233631;S
20240318;095945;1400;1;9870233632;S
20240318;095945;1400;11;9870233633;S
20240318;095945;1400;3;9870233634;S
20240318;095945;1400;21;9870233635;S
20240318;095945;1400;97;9870233636;S
20240318;095945;1400;10;9870233637;S
20240318;095945;1400;60;9870233638;S
20240318;095945;1400;1;9870233639;S
20240318;095945;1400;246;9870233640;S
20240318;095945;1400;25;9870233641;S
20240318;095945;1400;4;9870233642;S
20240318;095945;1400;1;9870233643;S
20240318;095945;1400;5;9870233644;S
20240318;095945;1400;20;9870233645;S
20240318;095945;1400;7;9870233646;S
20240318;095945;1400;2;9870233647;S
20240318;095945;1400;12;9870233648;S
20240318;095945;1400;19;9870233649;S
20240318;095945;1400;24;9870233650;S
20240318;095945;1400;1;9870233651;B
20240318;095945;1400;117;9870233652;B
20240318;095945;1400;1000;9870233653;B
20240318;095945;1400;1;9870233654;B
20240318;095945;1400;1;9870233655;B
20240318;095945;1400;27;9870233656;B
20240318;095945;1400;5;9870233657;S
20240318;095945;1400;1;9870233658;S
20240318;095945;1400;1;9870233659;S
20240318;095945;1400;2;9870233660;S
20240318;095945;1400;75;9870233661;S
20240318;095945;1400;3;9870233662;S
20240318;095945;1400;18;9870233663;B
20240318;095945;1400;2;9870233664;B
20240318;095945;1400;1;9870233665;B
20240318;095945;1400;1;9870233666;B
20240318;095945;1400;1;9870233667;B
20240318;095945;1400;10;9870233668;B
20240318;095945;1400;4;9870233669;B
20240318;095945;1400;1;9870233670;B
20240318;095945;1400;3;9870233671;B
20240318;095945;1400;2;9870233672;B
20240318;095945;1400;5;9870233673;B
20240318;095945;1400;2;9870233674;B
20240318;095945;1400;2;9870233675;B
20240318;095945;1400;2;9870233676;B
20240318;095945;1400;1;9870233677;B
20240318;095945;1400;3;9870233678;B
20240318;095945;1400;11;9870233679;B
20240318;095945;1400;1;9870233680;B
20240318;095945;1400;6;9870233681;B
20240318;095945;1400;1;9870233682;B
20240318;095945;1400;3;9870233683;B
20240318;095945;1400;2;9870233684;B
20240318;095945;1400;5;9870233685;B
20240318;095945;1400;1;9870233686;B
20240318;095945;1400;2;9870233687;S
20240318;095945;1400;3;9870233688;S
20240318;095945;1400;27;9870233689;S
20240318;095945;1400;6;9870233690;S
20240318;095945;1400;2;9870233691;S
20240318;095945;1400;1;9870233692;B
20240318;095945;1400;11;9870233693;B
20240318;095945;1400;15;9870233694;B
20240318;095945;1400;10;9870233695;B
20240318;095945;1400;10;9870233696;B
20240318;095945;1400;183;9870233697;S
20240318;095945;1400;2;9870233698;S
20240318;095945;1400;20;9870233699;S
20240318;095945;1400;20;9870233700;S
20240318;095945;1400;32;9870233701;S
20240318;095945;1400;2;9870233702;S
20240318;095945;1400;1;9870233703;S
20240318;095945;1400;14;9870233704;S
20240318;095945;1400;1;9870233705;S
20240318;095945;1400;51;9870233706;S
20240318;095945;1400;1;9870233707;S
20240318;095945;1400;2;9870233708;S
20240318;095945;1400;50;9870233709;S
20240318;095945;1400;121;9870233710;S
20240318;095945;1400;1;9870233711;B
20240318;095945;1400;1;9870233712;B
20240318;095945;1400;1;9870233713;B
20240318;095945;1400;1;9870233714;B
20240318;095945;1400;1;9870233715;B
20240318;095945;1400;2;9870233716;B
20240318;095945;1400;2;9870233717;B
20240318;095945;1400;1;9870233718;B
20240318;095945;1400;25;9870233719;B
20240318;095945;1400;1;9870233720;B
20240318;095945;1400;2;9870233721;B
20240318;095945;1400;10;9870233722;B
20240318;095945;1400;1;9870233723;B
20240318;095945;1400;1;9870233724;B
20240318;095945;1400;29;9870233725;B
20240318;095945;1400;15;9870233726;B
20240318;095945;1400;2;9870233727;S
20240318;095945;1400;5;9870233728;B
20240318;095945;1400;1;9870233729;B
20240318;095945;1400;10;9870233730;B
20240318;095945;1400;14;9870233731;B
20240318;095945;1400;10;9870233732;B
20240318;095945;1400;8;9870233733;B
20240318;095945;1400;1;9870233734;S
20240318;095945;1400;30;9870233735;S
20240318;095945;1400;1;9870233736;S
20240318;095945;1400;2;9870233737;S
20240318;095945;1400;1;9870233738;S
20240318;095945;1400;1;9870233739;S
20240318;095945;1400;10;9870233740;S
20240318;095945;1400;1;9870233741;S
20240318;095945;1400;1;9870233742;S
20240318;095945;1400;8;9870233743;S
20240318;095945;1400;1;9870233744;S
20240318;095945;1400;10;9870233745;S
20240318;095945;1400;5;9870233746;S
20240318;095945;1400;1;9870233747;S
20240318;095945;1400;2;9870233748;S
20240318;095945;1400;1;9870233749;S
20240318;095945;1400;20;9870233750;S
20240318;095945;1400;2;9870233751;S
20240318;095945;1400;1;9870233752;S
20240318;095945;1400;56;9870233753;S
20240318;095945;1400;10;9870233754;S
20240318;095945;1400;49;9870233755;S
20240318;095945;1400;1;9870233756;S
20240318;095945;1400;1;9870233757;S
20240318;095945;1400;2;9870233758;S
20240318;095945;1400;4;9870233759;S
20240318;095945;1400;1;9870233760;S
20240318;095945;1400;28;9870233761;S
20240318;095945;1400;3;9870233762;S
20240318;095945;1400;2;9870233763;S
20240318;095945;1400;17;9870233764;S
20240318;095945;1400;1;9870233765;S
20240318;095945;1400;1;9870233766;S
20240318;095945;1400;1;9870233767;S
20240318;095945;1400;1;9870233768;S
20240318;095945;1400;1;9870233769;S
20240318;095945;1400;1;9870233770;S
20240318;095945;1400;5;9870233771;S
20240318;095945;1400;5;9870233772;S
20240318;095945;1400;1;9870233773;S
20240318;095945;1400;10;9870233774;S
20240318;095945;1400;1;9870233775;S
20240318;095945;1400;2;9870233776;S
20240318;095945;1400;1;9870233777;S
20240318;100000;1400.2;2;9870240947;B
20240318;100000;1400.2;1;9870240948;B
20240318;100000;1400.2;1;9870240949;B
20240318;100000;1400.2;13;9870240950;B
20240318;100000;1400.4;17;9870241068;B
20240318;100000;1400.6;40;9870241069;B
20240318;100000;1400.6;5;9870241070;B
20240318;100000;1401.2;10;9870241071;B
20240318;100000;1401.8;2;9870241171;B
20240318;100000;1401.8;32;9870241172;B
20240318;100000;1402;1;9870241173;B
20240318;100000;1402.6;2;9870241174;B
20240318;100000;1402.6;63;9870241175;B
20240318;100000;1402.8;4;9870241642;B
20240318;100000;1402.8;17;9870241643;B
20240318;100000;1403;1;9870241714;B
20240318;100000;1403;15;9870241715;B
20240318;100000;1403;1;9870241742;S
20240318;100000;1403;1;9870241743;S
20240318;100000;1403.2;10;9870241758;B
20240318;100000;1403.2;1;9870241759;B
20240318;100000;1403.2;40;9870241760;B
20240318;100000;1403.2;13;9870241761;B
20240318;100000;1403;9;9870241790;S
20240318;100000;1403.4;15;9870241846;B
20240318;100000;1404;1;9870242070;B
20240318;100000;1404;10;9870242085;S
20240318;100000;1404.2;9;9870242104;B
20240318;100000;1404.2;76;9870242105;B
20240318;100000;1404.4;1;9870242155;B
20240318;100000;1404;1;9870242184;S
20240318;100001;1404.4;10;9870242585;B
20240318;100001;1404.4;69;9870242607;S
20240318;100001;1404.4;31;9870242608;S
20240318;100001;1404.6;38;9870242690;B
20240318;100001;1404.6;104;9870242883;B
20240318;100001;1404.8;9;9870242884;B
20240318;100001;1405;1;9870242885;B
20240318;100001;1405;1;9870242886;B
20240318;100001;1405;1;9870242887;B
20240318;100001;1405;17;9870242888;B
20240318;100001;1405.6;100;9870243026;B
20240318;100001;1405.6;42;9870243049;B
20240318;100001;1405.8;60;9870243249;B
20240318;100001;1405.8;1;9870243250;B
20240318;100001;1405.8;81;9870243251;B
20240318;100001;1405.8;61;9870243280;B
20240318;100001;1406;7;9870243526;B
20240318;100001;1406;1;9870243527;B
20240318;100001;1406;3;9870243528;B
20240318;100001;1406;142;9870243529;B
20240318;100001;1405.6;58;9870243797;S
20240318;100001;1405.6;22;9870243798;S
20240318;100001;1405.6;35;9870244019;S
20240318;100001;1405.2;10;9870244020;S
20240318;100002;1405.2;1;9870244839;S
20240318;100002;1406;1;9870244909;B
20240318;100002;1406;1;9870245015;S
20240318;100002;1405.2;3;9870245016;S
20240318;100002;1406;3;9870245076;B
20240318;100002;1406.2;7;9870245077;B
20240318;100002;1406.2;190;9870245078;B
20240318;100002;1405.2;3;9870245246;S
20240318;100002;1405.2;3;9870245255;S
20240318;100003;1405.2;1;9870245747;S
20240318;100003;1405;2;9870245748;S
20240318;100003;1405.2;4;9870245778;S
20240318;100003;1406;5;9870246030;B
20240318;100003;1405.2;1;9870246104;S
20240318;100004;1405.6;18;9870246235;B
20240318;100004;1405.8;127;9870246236;B
20240318;100004;1405.8;1;9870246279;B
20240318;100004;1405.6;3;9870246368;B
20240318;100004;1405.6;3;9870246369;B
20240318;100004;1405.8;2;9870246370;B
20240318;100004;1405.8;10;9870246732;B
20240318;100004;1404.2;3;9870246894;S
20240318;100004;1405;38;9870246987;B
20240318;100004;1405.2;2;9870246988;B
20240318;100004;1405.8;10;9870246989;B
20240318;100005;1405.6;10;9870247038;B
20240318;100005;1405.8;40;9870247039;B
20240318;100006;1405;4;9870248526;B
20240318;100006;1404.2;1;9870248528;S
20240318;100006;1404.2;1;9870248530;S
20240318;100006;1405;1;9870248540;B
20240318;100006;1405.2;1;9870248541;B
20240318;100006;1405.4;3;9870248542;B
20240318;100006;1403.8;3;9870248665;S
20240318;100006;1403.8;8;9870249172;S
20240318;100006;1403.6;190;9870249173;S
20240318;100006;1404.4;11;9870249835;S
20240318;100006;1404.4;23;9870249836;S
20240318;100007;1405.6;2;9870250282;B
20240318;100007;1405.6;1;9870250292;B
20240318;100007;1405.6;1;9870250293;B
20240318;100007;1405.6;1;9870250301;B
20240318;100007;1404.6;1;9870250304;S
20240318;100007;1405.6;1;9870250309;B
20240318;100007;1405.6;5;9870250556;B
20240318;100007;1405.8;14;9870250557;B
20240318;100007;1404.6;5;9870250560;S
20240318;100007;1404.6;1;9870250563;S
20240318;100007;1404.6;1;9870250569;S
20240318;100007;1405.6;1;9870250578;B
20240318;100007;1405.6;1;9870251127;B
20240318;100007;1404.6;1;9870251129;S
20240318;100007;1405.6;1;9870251133;B
20240318;100007;1404.6;1;9870251136;S
20240318;100007;1405.2;11;9870251798;B
20240318;100007;1405.4;181;9870251799;B
20240318;100007;1405;1;9870252401;B
20240318;100007;1405;7;9870252403;B
20240318;100007;1405;13;9870252404;B
20240318;100007;1405;1;9870252428;B
20240318;100007;1405;1;9870252435;B
20240318;100007;1404.4;1;9870252436;S
20240318;100007;1404.6;1;9870253757;B
20240318;100007;1404.6;1;9870253758;B
20240318;100007;1404.6;1;9870253759;B
20240318;100007;1404.8;10;9870253761;B
20240318;100008;1405;35;9870254057;B
20240318;100008;1406;8;9870254183;B
20240318;100008;1406;140;9870254184;B
20240318;100008;1405;1;9870254294;S
20240318;100008;1406;1;9870254296;B
20240318;100008;1406;5;9870255101;B
20240318;100008;1405;1;9870255102;S
20240318;100008;1405;1;9870255104;S
20240318;100008;1406;1;9870255107;B
20240318;100008;1406;1;9870255108;B
20240318;100008;1406;1;9870255109;B
20240318;100008;1406;2;9870255110;B
20240318;100008;1406;5;9870255111;B
20240318;100008;1406;10;9870255885;B
20240318;100008;1406;1;9870255892;B
20240318;100008;1406;1;9870255897;B
20240318;100008;1406;3;9870255906;B
20240318;100008;1405;7;9870255909;S
20240318;100008;1405;1;9870255915;S
20240318;100009;1405;8;9870256342;S
20240318;100009;1406;6;9870256343;B
20240318;100009;1406;1;9870256344;B
20240318;100009;1406;1;9870256345;B
20240318;100009;1406;1;9870256348;B
20240318;100009;1406;2;9870256501;B
20240318;100009;1405.8;1;9870256690;B
20240318;100009;1405.8;1;9870256691;B
20240318;100009;1405.8;5;9870256692;B
20240318;100009;1405.8;3;9870256694;B
20240318;100009;1405.8;5;9870256695;B
20240318;100009;1404.4;2;9870256698;S
20240318;100009;1405.8;3;9870256699;B
20240318;100009;1405.8;3;9870257266;B
20240318;100009;1406;1;9870257545;B
20240318;100009;1404.6;1;9870257552;S
20240318;100009;1404.6;1;9870257553;S
20240318;100009;1404.6;1;9870257557;S
20240318;100009;1406;1;9870257744;B
20240318;100009;1404.6;1;9870257750;S
20240318;100009;1406;1;9870257755;B
20240318;100009;1406;1;9870257763;B
20240318;100009;1406;1;9870257769;B
20240318;100009;1404.6;1;9870258037;S
20240318;100009;1404.6;1;9870258046;S
20240318;100009;1406;1;9870258052;B
20240318;100009;1404.6;1;9870258061;S
20240318;100009;1404.6;1;9870258064;S
20240318;100009;1406;1;9870258072;B
20240318;100009;1406;1;9870258224;B
20240318;100009;1404.6;3;9870258230;S
20240318;100009;1404.4;20;9870258231;S
20240318;100009;1404.4;1;9870258247;S
20240318;100009;1404.6;4;9870258278;S
20240318;100009;1406;1;9870258294;B
20240318;100009;1406;1;9870258298;B
20240318;100010;1406;1;9870258636;B
20240318;100010;1404.6;1;9870258650;S
20240318;100010;1406;1;9870258658;B
20240318;100010;1404.6;1;9870258668;S
20240318;100010;1406;1;9870258673;B
20240318;100010;1406;8;9870259159;B
20240318;100010;1406.2;6;9870259160;B
20240318;100010;1406;5;9870259454;B
20240318;100010;1406;65;9870259455;B
20240318;100010;1406;1;9870259473;B
20240318;100010;1404.6;1;9870259722;S
20240318;100010;1406;1;9870259725;B
20240318;100010;1405.8;1;9870259727;B
20240318;100010;1406.2;5;9870259731;B
20240318;100010;1406.2;1;9870259735;B
20240318;100010;1406.2;1;9870259744;B
20240318;100010;1404.6;1;9870260037;S
20240318;100010;1406.2;1;9870260046;B
20240318;100010;1406;1;9870260049;B
20240318;100010;1406.2;4;9870260050;B
20240318;100010;1406.2;1;9870260055;B
20240318;100010;1404.6;1;9870260057;S
20240318;100010;1406.2;5;9870260060;B
20240318;100010;1404.6;1;9870260061;S
20240318;100010;1406;1;9870260139;B
20240318;100010;1406.2;6;9870260140;B
20240318;100011;1406;1;9870260867;B
20240318;100011;1404.6;1;9870261101;S
20240318;100011;1404.6;11;9870261425;S
20240318;100011;1404.4;8;9870261426;S
20240318;100011;1405.8;7;9870261502;B
20240318;100011;1404.6;11;9870261605;S
20240318;100011;1404.4;13;9870261606;S
20240318;100012;1406;1;9870262248;B
20240318;100012;1404.6;3;9870262250;S
20240318;100012;1404.6;1;9870262252;S
20240318;100015;1404.6;1;9870263429;S
20240318;100017;1404.6;6;9870264113;S
20240318;100017;1404.4;258;9870264114;S
20240318;100017;1404;81;9870264115;S
20240318;100017;1405;2;9870264219;B
20240318;100019;1404.6;11;9870264753;B
20240318;100019;1404.8;32;9870264754;B
20240318;100019;1404.8;107;9870264755;B
20240318;100021;1404.6;11;9870265294;B
20240318;100021;1404.6;9;9870265302;B
20240318;100021;1404.8;2;9870265314;B
20240318;100022;1404.6;1;9870265507;B
20240318;100022;1404.2;4;9870265519;S
20240318;100022;1404.8;1;9870265576;B
20240318;100022;1404.8;1;9870265726;B
20240318;100023;1404.8;10;9870265995;B
20240318;100024;1404.8;43;9870266178;B
20240318;100024;1405;72;9870266179;B
20240318;100024;1405;600;9870266390;B
20240318;100025;1405;153;9870266445;B
20240318;100025;1405.2;57;9870266483;B
20240318;100025;1405.4;1;9870266484;B
20240318;100025;1405.4;48;9870266485;B
20240318;100025;1405.8;57;9870266553;B
20240318;100025;1406;1;9870266554;B
20240318;100025;1406;1;9870266555;B
20240318;100025;1406;57;9870266556;B
20240318;100025;1406.2;57;9870266557;B
20240318;100025;1406.4;40;9870266619;B
20240318;100025;1406.4;192;9870266620;B
20240318;100025;1406.6;57;9870266621;B
20240318;100025;1406.8;7;9870266622;B
20240318;100025;1406.8;71;9870266623;B
20240318;100025;1406.8;333;9870266624;B
20240318;100025;1406.8;1;9870266787;B
20240318;100025;1406.8;71;9870266891;B
20240318;100026;1406.4;1;9870267129;S
20240318;100026;1406.6;2;9870267153;B
20240318;100026;1406.2;2;9870267336;S
20240318;100027;1406.6;1;9870267573;B
20240318;100028;1406.6;7;9870267654;B
20240318;100028;1406.8;3;9870267655;B
20240318;100030;1406.4;21;9870268620;S
20240318;100030;1406.8;5;9870268638;B
20240318;100030;1406.8;1;9870268639;B
20240318;100030;1407;2;9870268640;B
20240318;100030;1407;100;9870268641;B
20240318;100030;1407;30;9870268642;B
20240318;100030;1407;1;9870268643;B
20240318;100030;1407;36;9870268644;B
20240318;100030;1407;3;9870268645;B
20240318;100030;1407;8;9870268646;B
20240318;100030;1406.6;6;9870268728;S
20240318;100030;1406.6;1;9870268789;S
20240318;100031;1406.8;1;9870268977;S
20240318;100031;1406.8;3;9870269292;S
20240318;100032;1406.8;1;9870269345;S
20240318;100032;1407;5;9870269357;B
20240318;100032;1406.8;1;9870269386;S
20240318;100032;1407;2;9870269508;B
20240318;100032;1407;5;9870269509;B
20240318;100032;1407;97;9870269510;B
20240318;100032;1407;1;9870269511;B
20240318;100032;1407.2;10;9870269512;B
20240318;100032;1407.6;100;9870269513;B
20240318;100032;1407.6;57;9870269514;B
20240318;100032;1407.8;1;9870269515;B
20240318;100032;1407.8;27;9870269516;B
20240318;100033;1407.4;1;9870269658;S
20240318;100033;1407.8;57;9870269728;B
20240318;100033;1408;6;9870269729;B
20240318;100033;1408;3;9870269730;B
20240318;100033;1408;34;9870269731;B
20240318;100033;1407.6;30;9870269809;S
20240318;100033;1407.6;3;9870269887;S
20240318;100034;1407.6;1;9870269934;S
20240318;100034;1407.8;57;9870269942;B
20240318;100034;1408;18;9870269943;B
20240318;100034;1408;5;9870269944;B
20240318;100034;1408;2;9870269945;B
20240318;100034;1408;9;9870269946;B
20240318;100034;1408;57;9870269947;B
20240318;100034;1408;142;9870269948;B
20240318;100034;1408;4;9870269949;B
20240318;100034;1408.2;6;9870269950;B
20240318;100034;1407.8;15;9870270166;S
20240318;100035;1408;142;9870270231;B
20240318;100035;1408;57;9870270232;B
20240318;100035;1408;10;9870270233;B
20240318;100035;1408;7;9870270234;B
20240318;100035;1408;79;9870270235;B
20240318;100035;1408;21;9870270312;B
20240318;100035;1408;57;9870270313;B
20240318;100035;1408.2;58;9870270314;B
20240318;100035;1408.2;1;9870270322;B
20240318;100035;1407.6;15;9870270484;S
20240318;100036;1407.6;2;9870270734;S
20240318;100039;1408;18;9870272179;B
20240318;100041;1407.6;20;9870273221;S
20240318;100042;1407.6;1;9870273363;S
20240318;100043;1408;57;9870273701;B
20240318;100043;1408.2;13;9870273702;B
20240318;100043;1408.2;22;9870273772;B
20240318;100043;1408.2;1;9870273773;B
20240318;100043;1408.2;25;9870273774;B
20240318;100043;1408.2;57;9870273775;B
20240318;100043;1408.2;15;9870273776;B
20240318;100043;1408.2;3;9870273779;S
20240318;100043;1408.2;17;9870273780;S
20240318;100043;1408.2;142;9870273783;B
20240318;100044;1408.4;2;9870274429;B
20240318;100045;1408.4;22;9870274627;B
20240318;100045;1408.4;200;9870274674;B
20240318;100045;1408.4;4;9870274778;B
20240318;100045;1408.4;5;9870274787;B
20240318;100046;1408.2;1;9870275231;S
20240318;100047;1408.2;226;9870275505;S
20240318;100047;1408.2;20;9870275506;S
20240318;100047;1408;105;9870275507;S
20240318;100047;1407.8;1;9870275544;S
20240318;100051;1408;2;9870277179;B
20240318;100052;1408;1400;9870277536;B
20240318;100052;1408;20;9870277641;B
20240318;100053;1407.8;1;9870278049;S
20240318;100054;1408;10;9870278183;B
20240318;100054;1407.8;25;9870278485;S
20240318;100055;1407.8;1;9870278968;S
20240318;100055;1408;1;9870279084;B
20240318;100056;1407.8;2;9870279313;S
20240318;100056;1407.8;4;9870279401;S
20240318;100057;1408;2;9870279624;B
20240318;100058;1407.8;17;9870280257;S
20240318;100058;1407.8;20;9870280258;S
20240318;100058;1407.8;142;9870280259;S
20240318;100058;1407.8;5;9870280260;S
20240318;100058;1407.6;4;9870280261;S
20240318;100058;1407.6;56;9870280262;S
20240318;100058;1407.4;11;9870280263;S
20240318;100058;1407.4;56;9870280264;S
20240318;100058;1407.2;56;9870280265;S
20240318;100058;1407.2;134;9870280266;S
20240318;100059;1407.4;35;9870280423;S
20240318;100100;1407.8;2;9870280794;B
20240318;100101;1407.4;192;9870281116;S
20240318;100101;1407.4;142;9870281117;S
20240318;100101;1407.2;11;9870281118;S
20240318;100101;1407.2;21;9870281119;S
20240318;100101;1407;2;9870281120;S
20240318;100101;1407;20;9870281121;S
20240318;100101;1406.8;56;9870281122;S
20240318;100101;1406.6;56;9870281123;S
20240318;100101;1406.6;700;9870281124;S
20240318;100101;1406.4;56;9870281125;S
20240318;100101;1405;100;9870281126;S
20240318;100101;1405;1;9870281127;S
20240318;100101;1405;5;9870281128;S
20240318;100101;1404.8;12;9870281129;S
20240318;100101;1404.2;1;9870281130;S
20240318;100101;1403.4;1;9870281131;S
20240318;100101;1403.4;2;9870281132;S
20240318;100101;1403;202;9870281133;S
20240318;100101;1402.8;125;9870281134;S
20240318;100101;1402;2;9870281135;S
20240318;100101;1401.2;2;9870281136;S
20240318;100101;1401.2;215;9870281137;S
20240318;100101;1401.2;68;9870281138;S
20240318;100101;1403.6;56;9870281143;B
20240318;100101;1404.2;20;9870281144;B
20240318;100101;1404.4;11;9870281145;B
20240318;100101;1406;1;9870281217;B
20240318;100101;1406.2;20;9870281292;S
20240318;100101;1406.8;1;9870281310;B
20240318;100102;1406.8;2;9870281422;B
20240318;100104;1406.8;1;9870282157;B
20240318;100105;1406.8;2;9870282659;B
20240318;100108;1406.2;39;9870283729;S
20240318;100108;1406.2;129;9870283730;S
20240318;100108;1406.4;1;9870283757;B
20240318;100108;1406;1;9870283821;S
20240318;100109;1406;1;9870283980;S
20240318;100110;1406.2;21;9870284287;B
20240318;100110;1406.4;20;9870284288;B
20240318;100110;1406.4;215;9870284289;B
20240318;100110;1406.4;50;9870284290;B
20240318;100110;1406.6;600;9870284291;B
20240318;100110;1406.8;2;9870284292;B
20240318;100110;1406.8;1;9870284293;B
20240318;100110;1407;70;9870284294;B
20240318;100110;1407;35;9870284295;B
20240318;100110;1407;120;9870284296;B
20240318;100110;1407;3;9870284297;S
20240318;100110;1407.2;1;9870284352;B
20240318;100111;1407.2;3;9870284543;B
20240318;100113;1407.2;2;9870285420;B
20240318;100114;1407;2;9870285629;S
20240318;100114;1407;1;9870285682;S
20240318;100114;1407;9;9870285710;S
20240318;100114;1407;2;9870285714;S
20240318;100115;1407;6;9870285839;S
20240318;100115;1407;100;9870285856;S
20240318;100115;1407;5;9870286009;S
20240318;100115;1407.2;43;9870286071;B
20240318;100115;1407.2;23;9870286072;B
20240318;100115;1407.4;4;9870286073;B
20240318;100116;1407;108;9870286309;S
20240318;100116;1407;1;9870286490;S
20240318;100117;1407;41;9870286524;S
20240318;100117;1407;522;9870286626;S
20240318;100117;1407;2;9870286635;S
20240318;100118;1407.2;50;9870286803;B
20240318;100118;1407;12;9870286944;S
20240318;100119;1407;71;9870287110;S
20240318;100119;1407;100;9870287181;S
20240318;100119;1407.2;21;9870287190;B
20240318;100120;1407.2;5;9870287391;B
20240318;100121;1407.2;36;9870287463;B
20240318;100121;1407.2;14;9870287490;B
20240318;100121;1407.2;1;9870287491;B
20240318;100121;1407.2;21;9870287492;B
20240318;100121;1407.2;92;9870287510;B
20240318;100121;1407.2;163;9870287566;B
20240318;100121;1407.2;52;9870287574;B
20240318;100121;1407.4;96;9870287575;B
20240318;100121;1407.4;25;9870287576;B
20240318;100121;1407.4;10;9870287577;B
20240318;100121;1407.4;32;9870287623;B
20240318;100123;1407.6;1;9870288395;B
20240318;100123;1407.6;2;9870288396;B
20240318;100123;1407.2;14;9870288405;S
20240318;100123;1407.4;1;9870288581;S
20240318;100123;1407.4;2;9870288587;S
20240318;100123;1407.6;1;9870288652;B
20240318;100123;1407.8;1;9870288653;B
20240318;100123;1407.8;2;9870288654;B
20240318;100123;1407.8;90;9870288684;B
20240318;100124;1407.8;3;9870288882;B
20240318;100124;1407.8;12;9870288956;B
20240318;100124;1407.8;64;9870288979;B
20240318;100124;1407.6;56;9870289004;B
20240318;100125;1407.4;2;9870289152;S
20240318;100125;1407.4;45;9870289153;S
20240318;100125;1407.4;300;9870289155;S
20240318;100126;1407.8;6;9870289398;B
20240318;100128;1407.6;2;9870290022;B
20240318;100128;1407.4;6;9870290031;S
20240318;100128;1407.2;11;9870290032;S
20240318;100128;1407;3;9870290033;S
20240318;100130;1407;7;9870290453;S
20240318;100130;1407.6;1;9870290458;B
20240318;100130;1407;1;9870290548;S
20240318;100132;1407.6;10;9870291095;B
20240318;100132;1407.8;194;9870291096;B
20240318;100132;1407.8;20;9870291097;B
20240318;100132;1407.8;215;9870291098;B
20240318;100132;1407.8;1;9870291099;B
20240318;100132;1408;214;9870291100;B
20240318;100132;1408;1;9870291101;B
20240318;100132;1408;5;9870291102;B
20240318;100132;1408;340;9870291103;B
20240318;100132;1407.6;50;9870291205;S
20240318;100135;1407.6;1;9870292095;B
20240318;100139;1407.6;1;9870293003;B
20240318;100141;1407.4;215;9870293295;B
20240318;100141;1407.6;1;9870293296;B
20240318;100141;1407.6;16;9870293297;B
20240318;100141;1407.6;200;9870293298;B
20240318;100141;1407.6;40;9870293299;B
20240318;100141;1407.8;20;9870293300;B
20240318;100141;1408;10;9870293301;B
20240318;100141;1408;49;9870293302;B
20240318;100141;1408;1;9870293303;B
20240318;100141;1408;20;9870293304;B
20240318;100141;1408.2;25;9870293305;B
20240318;100141;1408.2;403;9870293306;B
20240318;100142;1407.6;18;9870293574;S
20240318;100144;1407.8;5;9870294091;S
20240318;100145;1407.8;1;9870294196;S
20240318;100147;1407.8;5;9870294712;S
20240318;100148;1408;9;9870294895;B
20240318;100148;1408;68;9870295037;B
20240318;100149;1407.8;1;9870295415;S
20240318;100150;1408;4;9870295564;B
20240318;100150;1408;34;9870295593;B
20240318;100150;1408.2;47;9870295594;B
20240318;100150;1408.2;1;9870295595;B
20240318;100150;1408.2;9;9870295596;B
20240318;100150;1408.2;2;9870295597;B
20240318;100150;1408.2;215;9870295598;B
20240318;100150;1408.4;284;9870295599;B
20240318;100150;1408.4;10;9870295600;B
20240318;100150;1408.4;10;9870295601;B
20240318;100150;1408.4;30;9870295602;B
20240318;100150;1408.4;1;9870295603;B
20240318;100150;1408.4;1;9870295604;B
20240318;100150;1408.4;1;9870295605;B
20240318;100150;1408.4;20;9870295606;B
20240318;100150;1408.6;10;9870295607;B
20240318;100150;1408.6;325;9870295608;B
20240318;100150;1408.4;215;9870295688;B
20240318;100150;1408.6;675;9870295689;B
20240318;100150;1408.6;1;9870295690;B
20240318;100150;1408.6;1;9870295691;B
20240318;100150;1408.6;1;9870295692;B
20240318;100150;1408.6;1;9870295693;B
20240318;100150;1408.6;1;9870295694;B
20240318;100150;1408.6;1;9870295695;B
20240318;100150;1408.6;4;9870295696;B
20240318;100150;1408.6;4;9870295697;B
20240318;100150;1408.6;2;9870295698;B
20240318;100150;1408.6;1;9870295699;B
20240318;100150;1408.8;25;9870295700;B
20240318;100150;1408.8;10;9870295701;B
20240318;100150;1408.8;700;9870295702;B
20240318;100150;1408.8;56;9870295703;B
20240318;100150;1408.8;20;9870295704;B
20240318;100150;1409;1;9870295705;B
20240318;100150;1409;10;9870295706;B
20240318;100150;1409;2;9870295707;B
20240318;100150;1409;1;9870295708;B
20240318;100150;1409;10;9870295709;B
20240318;100150;1409;4;9870295710;B
20240318;100150;1409;1250;9870295711;B
20240318;100150;1409;1;9870295712;B
20240318;100150;1409;483;9870295713;B
20240318;100150;1409;15;9870295714;B
20240318;100150;1409;10;9870295715;B
20240318;100150;1409;70;9870295716;B
20240318;100150;1409.2;1;9870295717;B
20240318;100150;1409.2;1;9870295718;B
20240318;100150;1409.2;1;9870295719;B
20240318;100150;1409.2;300;9870295720;B
20240318;100150;1409.2;1;9870295721;B
20240318;100150;1409.4;10;9870295722;B
20240318;100150;1409.4;100;9870295723;B
20240318;100150;1409.4;1;9870295724;B
20240318;100150;1409.4;5;9870295725;B
20240318;100150;1409.4;142;9870295726;B
20240318;100150;1409.6;1;9870295727;B
20240318;100150;1409.6;10;9870295728;B
20240318;100150;1409.8;30;9870295729;B
20240318;100150;1409.8;200;9870295730;B
20240318;100150;1409.8;1;9870295731;B
20240318;100150;1409.8;10;9870295732;B
20240318;100150;1409.8;25;9870295733;B
20240318;100150;1409.8;8;9870295734;B
20240318;100150;1409.8;5;9870295735;B
20240318;100150;1410;1;9870295736;B
20240318;100150;1410;400;9870295737;B
20240318;100150;1410;1;9870295738;B
20240318;100150;1410;5;9870295739;B
20240318;100150;1410;1;9870295740;B
20240318;100150;1410;1;9870295741;B
20240318;100150;1410;1;9870295742;B
20240318;100150;1410;1;9870295743;B
20240318;100150;1410;4;9870295744;B
20240318;100150;1410;7;9870295745;B
20240318;100150;1410;1;9870295746;B
20240318;100150;1410;1;9870295747;B
20240318;100150;1410;31;9870295748;B
20240318;100150;1410;4;9870295749;B
20240318;100150;1410;1;9870295750;B
20240318;100150;1410;40;9870295751;B
20240318;100150;1410;2;9870295752;B
20240318;100150;1410;1;9870295753;B
20240318;100150;1410;4;9870295754;B
20240318;100150;1410;9;9870295755;B
20240318;100150;1410;1;9870295756;B
20240318;100150;1410;52;9870295757;B
20240318;100150;1410;3;9870295758;B
20240318;100150;1410;5;9870295759;B
20240318;100150;1410;1250;9870295760;B
20240318;100150;1410;1;9870295761;B
20240318;100150;1410;282;9870295762;B
20240318;100150;1410;1;9870295763;B
20240318;100150;1410.2;200;9870295764;S
20240318;100150;1410.4;1;9870295767;B
20240318;100150;1410.4;6;9870295768;B
20240318;100150;1410.4;3;9870295769;B
20240318;100150;1410.4;2;9870295770;B
20240318;100150;1410.4;28;9870295771;B
20240318;100150;1410.4;72;9870295772;B
20240318;100150;1410.8;108;9870295773;B
20240318;100150;1410.8;3;9870295774;B
20240318;100150;1410.8;2;9870295775;B
20240318;100150;1410.6;1;9870295790;B
20240318;100150;1410.4;20;9870295797;S
20240318;100150;1410.4;56;9870295798;S
20240318;100150;1410.4;176;9870295801;B
20240318;100150;1410.6;36;9870295802;B
20240318;100150;1410.6;3;9870295807;B
20240318;100150;1410.6;31;9870295808;B
20240318;100150;1410.6;50;9870295810;B
20240318;100150;1410.6;94;9870295814;B
20240318;100150;1410.8;106;9870295815;B
20240318;100150;1410.6;16;9870295816;B
20240318;100150;1410.8;8;9870295817;B
20240318;100150;1410.8;30;9870295824;B
20240318;100150;1410.4;15;9870295828;S
20240318;100150;1410.4;5;9870295830;S
20240318;100150;1410.4;5;9870295831;S
20240318;100150;1410.8;743;9870295833;B
20240318;100150;1410.8;300;9870295834;B
20240318;100150;1410.8;7;9870295835;B
20240318;100150;1411;1;9870295836;B
20240318;100150;1411;1;9870295837;B
20240318;100150;1411;2;9870295838;B
20240318;100150;1411;25;9870295839;B
20240318;100150;1411;321;9870295840;B
20240318;100150;1411;25;9870295841;B
20240318;100150;1411;8;9870295843;B
20240318;100150;1410.4;10;9870295846;S
20240318;100150;1411;164;9870295847;B
20240318;100150;1411;1;9870295848;B
20240318;100150;1411.2;1;9870295849;B
20240318;100150;1411.4;1;9870295850;B
20240318;100150;1411.8;1;9870295851;B
20240318;100150;1411.8;45;9870295852;S
20240318;100150;1412;4;9870295854;B
20240318;100150;1412;4;9870295855;B
20240318;100150;1412;1;9870295856;B
20240318;100150;1412;1;9870295857;B
20240318;100150;1412;1;9870295858;B
20240318;100150;1412;1;9870295859;B
20240318;100150;1412;2;9870295860;B
20240318;100150;1412;5;9870295861;B
20240318;100150;1412;25;9870295862;B
20240318;100150;1412.2;5;9870295863;B
20240318;100150;1412.2;5;9870295864;B
20240318;100150;1412.4;141;9870295865;B
20240318;100150;1412.6;80;9870295866;B
20240318;100150;1412.6;56;9870295867;B
20240318;100150;1412.8;1000;9870295868;B
20240318;100150;1412.8;56;9870295869;B
20240318;100150;1413;1;9870295870;B
20240318;100150;1413;3;9870295871;B
20240318;100150;1413;1;9870295872;B
20240318;100150;1413;2;9870295873;B
20240318;100150;1413;11;9870295874;B
20240318;100150;1413;25;9870295875;B
20240318;100150;1413;10;9870295876;B
20240318;100150;1413;56;9870295877;B
20240318;100150;1413.2;10;9870295878;B
20240318;100150;1413.2;1250;9870295879;B
20240318;100150;1413.2;20;9870295880;B
20240318;100150;1413.4;150;9870295881;B
20240318;100150;1413.4;10;9870295882;B
20240318;100150;1413.6;71;9870295883;B
20240318;100150;1413.8;1;9870295884;B
20240318;100150;1413.8;11;9870295885;B
20240318;100150;1413.8;2;9870295886;B
20240318;100150;1413.8;700;9870295887;B
20240318;100150;1414;10;9870295888;B
20240318;100150;1414;1;9870295889;B
20240318;100150;1414;36;9870295890;B
20240318;100150;1414;339;9870295891;B
20240318;100150;1414;4;9870295892;B
20240318;100150;1414;10;9870295893;B
20240318;100150;1414;25;9870295894;B
20240318;100150;1414;250;9870295895;B
20240318;100150;1414.2;1;9870295896;B
20240318;100150;1414.2;1;9870295897;B
20240318;100150;1414.2;425;9870295898;B
20240318;100150;1414.6;30;9870295899;B
20240318;100150;1414.8;30;9870295900;B
20240318;100150;1414.8;1;9870295901;B
20240318;100150;1414.8;3;9870295902;B
20240318;100150;1415;15;9870295903;B
20240318;100150;1415;3;9870295904;B
20240318;100150;1415;5;9870295905;B
20240318;100150;1415;1;9870295906;B
20240318;100150;1415;5;9870295907;B
20240318;100150;1415;1;9870295908;B
20240318;100150;1415;20;9870295909;B
20240318;100150;1415;4;9870295910;B
20240318;100150;1415;1;9870295911;B
20240318;100150;1415;40;9870295912;B
20240318;100150;1415;10;9870295913;B
20240318;100150;1415;10;9870295914;B
20240318;100150;1415;1562;9870295915;B
20240318;100150;1415;30;9870295916;B
20240318;100150;1415;700;9870295917;B
20240318;100150;1414;10;9870295931;S
20240318;100151;1414.8;80;9870295958;B
20240318;100151;1414.2;1;9870295959;S
20240318;100151;1414.8;61;9870295966;B
20240318;100151;1415;18;9870295967;B
20240318;100151;1414.6;100;9870295968;S
20240318;100151;1414.8;2;9870295969;B
20240318;100151;1414.8;4;9870295979;B
20240318;100151;1414.8;32;9870295986;B
20240318;100151;1414.6;25;9870295989;S
20240318;100151;1414.6;1;9870295994;S
20240318;100151;1414.6;4;9870295995;S
20240318;100151;1414.6;26;9870295996;S
20240318;100151;1414.8;30;9870295997;B
20240318;100151;1414.8;73;9870295998;B
20240318;100151;1414.8;62;9870295999;B
20240318;100151;1414.8;38;9870296000;B
20240318;100151;1415;12;9870296001;B
20240318;100151;1414.8;100;9870296002;B
20240318;100151;1414.8;41;9870296003;B
20240318;100151;1415;19;9870296004;B
20240318;100151;1415;8;9870296007;B
20240318;100151;1414.6;2;9870296008;S
20240318;100151;1415;1;9870296009;B
20240318;100151;1414.6;2;9870296024;S
20240318;100151;1414.6;1;9870296025;S
20240318;100151;1414.6;1;9870296026;S
20240318;100151;1414.6;5;9870296036;S
20240318;100151;1414.6;1;9870296037;S
20240318;100151;1415;33;9870296038;B
20240318;100151;1414.6;1;9870296040;S
20240318;100151;1414.6;1;9870296041;S
20240318;100151;1414.6;1;9870296052;S
20240318;100151;1415;22;9870296054;B
20240318;100151;1415;297;9870296056;B
20240318;100151;1415;3;9870296057;B
20240318;100151;1415;22;9870296065;B
20240318;100151;1414.6;8;9870296071;S
20240318;100151;1414.6;4;9870296100;S
20240318;100151;1415;25;9870296101;B
20240318;100151;1415;5;9870296105;B
20240318;100151;1414.6;1;9870296125;S
20240318;100151;1414.6;20;9870296126;S
20240318;100151;1414.4;11;9870296127;S
20240318;100151;1414.4;8;9870296128;S
20240318;100151;1414.2;2;9870296134;S
20240318;100151;1414.8;11;9870296170;B
20240318;100151;1415;76;9870296171;B
20240318;100151;1415;10;9870296172;B
20240318;100151;1415;3;9870296173;B
20240318;100151;1415;2;9870296176;B
20240318;100151;1415;218;9870296177;B
20240318;100151;1414.2;5;9870296178;S
20240318;100151;1414.2;5;9870296181;S
20240318;100151;1414.2;3;9870296182;S
20240318;100151;1414.2;1;9870296189;S
20240318;100151;1414.2;3;9870296197;S
20240318;100151;1414.2;1;9870296208;S
20240318;100151;1414.2;2;9870296209;S
20240318;100151;1414.2;3;9870296210;S
20240318;100151;1414.2;3;9870296211;S
20240318;100151;1414.2;3;9870296213;S
20240318;100151;1414.2;3;9870296218;S
20240318;100151;1414.8;2;9870296219;B
20240318;100151;1415;13;9870296220;B
20240318;100151;1414.4;75;9870296221;S
20240318;100151;1414.2;11;9870296222;S
20240318;100151;1414;56;9870296223;S
20240318;100151;1413.8;56;9870296224;S
20240318;100151;1413.8;418;9870296225;S
20240318;100151;1413.8;20;9870296226;S
20240318;100151;1413.6;56;9870296227;S
20240318;100151;1413.2;141;9870296228;S
20240318;100151;1412.2;167;9870296229;S
20240318;100151;1412.2;1;9870296230;S
20240318;100151;1412.4;1;9870296231;S
20240318;100151;1412.6;20;9870296233;S
20240318;100151;1412.4;1;9870296235;S
20240318;100151;1412.4;2;9870296245;S
20240318;100151;1412.4;53;9870296250;S
20240318;100151;1412.4;40;9870296251;S
20240318;100151;1412.2;56;9870296252;S
20240318;100151;1412.2;20;9870296253;S
20240318;100151;1412;6;9870296254;S
20240318;100151;1412;14;9870296255;S
20240318;100151;1412;11;9870296256;S
20240318;100151;1412;141;9870296257;S
20240318;100151;1412;56;9870296258;S
20240318;100151;1411.8;287;9870296259;S
20240318;100151;1411.6;15;9870296260;S
20240318;100151;1411.2;135;9870296261;S
20240318;100151;1410.8;100;9870296262;S
20240318;100151;1410.6;66;9870296263;S
20240318;100152;1411.6;11;9870296296;B
20240318;100152;1411.8;9;9870296297;B
20240318;100152;1411.4;11;9870296301;S
20240318;100152;1412.8;11;9870296382;B
20240318;100152;1412.8;20;9870296383;B
20240318;100152;1413;4;9870296384;B
20240318;100152;1411.4;45;9870296404;S
20240318;100152;1411.4;5;9870296405;S
20240318;100152;1411.6;5;9870296428;S
20240318;100152;1411.6;1;9870296434;S
20240318;100153;1412.6;6;9870296586;B
20240318;100153;1411.6;50;9870296608;S
20240318;100153;1412.4;20;9870296844;B
20240318;100154;1411.8;5;9870297035;S
20240318;100154;1411.8;11;9870297036;S
20240318;100155;1411.8;10;9870297151;S
20240318;100155;1411.4;56;9870297248;S
20240318;100155;1411.2;56;9870297249;S
20240318;100155;1411.2;20;9870297250;S
20240318;100155;1411;120;9870297251;S
20240318;100155;1411;51;9870297252;S
20240318;100155;1411;1;9870297278;S
20240318;100155;1411;1;9870297322;S
20240318;100156;1411;1;9870297356;S
20240318;100156;1411.6;1;9870297448;B
20240318;100156;1411;1;9870297456;S
20240318;100156;1411;7;9870298072;S
20240318;100156;1411;7;9870298073;S
20240318;100157;1410.8;2;9870298089;S
20240318;100157;1411;1;9870298269;B
20240318;100157;1410.8;2;9870298274;S
20240318;100200;1411;5;9870298818;B
20240318;100200;1411;25;9870298819;B
20240318;100200;1411.4;11;9870298820;B
20240318;100200;1411.6;19;9870298821;B
20240318;100200;1411.6;1;9870298822;B
20240318;100200;1412;2;9870298823;B
20240318;100200;1412;9;9870298824;B
20240318;100200;1412;9;9870298825;B
20240318;100200;1412;1;9870298826;B
20240318;100200;1412.2;418;9870298827;B
20240318;100200;1411.2;1;9870298859;S
20240318;100200;1411.2;2;9870298945;S
20240318;100202;1412.2;1;9870299460;B
20240318;100202;1412.2;10;9870299625;B
20240318;100202;1412.4;1;9870299677;B
20240318;100202;1412.4;3;9870299678;B
20240318;100202;1412.6;1;9870299679;B
20240318;100202;1412.6;141;9870299680;B
20240318;100202;1413;46;9870299722;B
20240318;100202;1413;1;9870299723;B
20240318;100202;1413;31;9870299724;B
20240318;100202;1413.2;1;9870299816;B
20240318;100203;1413.4;71;9870299940;B
20240318;100203;1413.4;129;9870299943;B
20240318;100203;1413.4;56;9870299944;B
20240318;100203;1413.4;9;9870299945;B
20240318;100203;1413.6;1;9870299946;B
20240318;100204;1413;10;9870300163;S
20240318;100204;1412.8;90;9870300164;S
20240318;100205;1413;6;9870300523;S
20240318;100206;1413.6;2;9870300600;B
20240318;100206;1413.6;1;9870300601;B
20240318;100206;1413.6;1;9870300602;B
20240318;100206;1413.8;5;9870300603;B
20240318;100206;1413.8;56;9870300604;B
20240318;100206;1413.8;20;9870300605;B
20240318;100206;1414;2;9870300606;B
20240318;100206;1414;10;9870300607;B
20240318;100206;1414;2;9870300608;B
20240318;100206;1414;20;9870300609;B
20240318;100206;1414;1;9870300610;B
20240318;100206;1414;10;9870300611;B
20240318;100206;1414;56;9870300612;B
20240318;100206;1414;92;9870300613;B
20240318;100207;1413.2;11;9870301138;S
20240318;100207;1413.2;39;9870301139;S
20240318;100208;1413.2;20;9870301196;S
20240318;100208;1413.6;1;9870301229;B
20240318;100208;1414;7;9870301230;B
20240318;100208;1413.2;85;9870301263;S
20240318;100208;1413;25;9870301264;S
20240318;100208;1413;75;9870301325;B
20240318;100209;1413;70;9870301402;B
20240318;100209;1413.2;6;9870301403;B
20240318;100209;1413.2;1;9870301537;B
20240318;100209;1413.2;1;9870301538;B
20240318;100209;1413.4;1;9870301539;B
20240318;100210;1412.6;10;9870301790;S
20240318;100210;1412.6;10;9870301793;S
20240318;100210;1412.6;1;9870301794;S
20240318;100210;1412.6;1;9870301795;S
20240318;100210;1412.4;6;9870301796;S
20240318;100210;1413.2;53;9870301798;B
20240318;100210;1413.2;2;9870301834;B
20240318;100210;1412.4;5;9870301858;S
20240318;100210;1412.4;75;9870301859;S
20240318;100210;1412.2;25;9870301860;S
20240318;100211;1413.2;45;9870302088;B
20240318;100211;1413.2;5;9870302089;B
20240318;100211;1413.2;20;9870302090;B
20240318;100211;1413.4;33;9870302091;B
20240318;100212;1413.4;6;9870302495;B
20240318;100213;1413.4;1;9870302749;B
20240318;100213;1413.4;1;9870302781;B
20240318;100213;1413.6;9;9870302782;B
20240318;100213;1413;1;9870302832;S
20240318;100214;1413.4;10;9870302880;B
20240318;100214;1413.6;38;9870302985;B
20240318;100214;1413.6;1;9870303034;B
20240318;100214;1413.6;1;9870303035;B
20240318;100214;1413.8;1;9870303127;B
20240318;100214;1413.8;4;9870303128;B
20240318;100214;1414;5;9870303129;B
20240318;100215;1414;10;9870303236;B
20240318;100215;1413.6;1;9870303316;S
20240318;100215;1414;10;9870303331;B
20240318;100216;1414;10;9870303410;B
20240318;100216;1414;10;9870303536;B
20240318;100216;1414;11;9870303562;B
20240318;100216;1414;28;9870303563;B
20240318;100216;1414;1;9870303564;B
20240318;100216;1414.2;3;9870303565;B
20240318;100216;1414.2;56;9870303566;B
20240318;100216;1414.2;1;9870303567;B
20240318;100217;1413.6;3;9870303617;S
20240318;100218;1413.6;5;9870303979;S
20240318;100218;1413;3;9870303980;S
20240318;100218;1414.2;1;9870304004;B
20240318;100218;1414.2;20;9870304005;B
20240318;100218;1414;10;9870304055;S
20240318;100218;1414.2;9;9870304057;B
20240318;100219;1414;8;9870304110;B
20240318;100219;1414;17;9870304167;B
20240318;100219;1414.2;3;9870304168;B
20240318;100219;1414.4;56;9870304169;B
20240318;100219;1414.4;1;9870304170;B
20240318;100219;1414.4;1;9870304171;B
20240318;100219;1414.6;370;9870304172;B
20240318;100219;1414.6;64;9870304251;B
20240318;100219;1413.8;3;9870304397;S
20240318;100219;1413.6;11;9870304398;S
20240318;100219;1413.4;58;9870304399;S
20240318;100220;1414;4;9870304541;B
20240318;100221;1413.8;5;9870304659;B
20240318;100221;1413.4;10;9870304679;S
20240318;100221;1413.4;131;9870304752;S
20240318;100221;1413.2;39;9870304753;S
20240318;100221;1413.6;1;9870304763;B
20240318;100221;1413.6;19;9870304774;B
20240318;100222;1413.8;8;9870305036;B
20240318;100223;1413.6;1;9870305139;S
20240318;100223;1413.2;17;9870305140;S
20240318;100223;1413.2;11;9870305141;S
20240318;100223;1413.2;15;9870305142;S
20240318;100223;1413.2;6;9870305143;S
20240318;100223;1413.8;7;9870305242;B
20240318;100223;1413.8;123;9870305243;B
20240318;100224;1413.8;1;9870305428;B
20240318;100224;1413.6;1;9870305497;S
20240318;100224;1413.8;44;9870305534;B
20240318;100224;1413.8;6;9870305535;B
20240318;100226;1413.6;49;9870305841;S
20240318;100226;1413.6;9;9870305843;B
20240318;100226;1413.4;75;9870305850;S
20240318;100227;1413.4;51;9870305991;S
20240318;100227;1413;7;9870305992;S
20240318;100227;1413;41;9870305993;S
20240318;100227;1413.6;2;9870305998;B
20240318;100228;1412.6;23;9870306136;S
20240318;100231;1412.2;56;9870306972;S
20240318;100231;1412.2;118;9870306973;S
20240318;100231;1412.2;20;9870307072;S
20240318;100232;1412.6;1;9870307346;B
20240318;100233;1412.6;19;9870307455;B
20240318;100233;1412.6;11;9870307456;B
20240318;100233;1412.6;44;9870307457;B
20240318;100233;1412.8;1;9870307458;B
20240318;100233;1412.8;100;9870307459;B
20240318;100233;1413;1;9870307460;B
20240318;100233;1413.2;1;9870307461;B
20240318;100233;1413.2;68;9870307462;B
20240318;100233;1413.4;1;9870307463;B
20240318;100233;1413.4;20;9870307464;B
20240318;100233;1413.4;234;9870307465;B
20240318;100235;1412.2;5;9870307918;S
20240318;100235;1412.8;1;9870308025;B
20240318;100237;1412.8;1;9870308344;B
20240318;100237;1413;15;9870308521;B
20240318;100237;1413;1;9870308557;B
20240318;100237;1413;4;9870308593;B
20240318;100237;1413;13;9870308594;B
20240318;100238;1412.4;1;9870308825;S
20240318;100238;1412.2;49;9870308826;S
20240318;100239;1412.8;1;9870308981;B
20240318;100239;1413;1;9870308982;B
20240318;100239;1413;10;9870308983;B
20240318;100239;1413;2;9870308984;B
20240318;100239;1413;20;9870308985;B
20240318;100239;1413.2;7;9870308986;B
20240318;100239;1413.4;99;9870308987;B
20240318;100241;1413.4;3;9870309355;B
20240318;100242;1413.4;1;9870309625;B
20240318;100242;1413;1;9870309722;S
20240318;100243;1413.4;150;9870309756;B
20240318;100243;1413.4;1;9870309794;B
20240318;100243;1413.6;3;9870309795;B
20240318;100243;1413;100;9870309822;S
20240318;100244;1413;15;9870310078;S
20240318;100244;1413;10;9870310084;S
20240318;100244;1413;6;9870310113;S
20240318;100244;1412.8;17;9870310114;S
20240318;100244;1412.6;11;9870310115;S
20240318;100244;1412.4;188;9870310116;S
20240318;100244;1412.2;20;9870310117;S
20240318;100244;1412.2;56;9870310118;S
20240318;100244;1412;11;9870310119;S
20240318;100245;1413.2;1;9870310308;B
20240318;100245;1413.2;10;9870310311;B
20240318;100245;1413;1;9870310369;S
20240318;100245;1413.2;1;9870310421;B
20240318;100245;1413;50;9870310446;S
20240318;100246;1413;10;9870310481;S
20240318;100246;1413.2;1;9870310495;B
20240318;100247;1413.2;7;9870310830;B
20240318;100247;1413.2;3;9870310874;B
20240318;100248;1413.4;1;9870311085;B
20240318;100248;1413.2;4;9870311132;S
20240318;100249;1413.2;9;9870311335;S
20240318;100250;1413.2;14;9870311412;S
20240318;100250;1413.2;2;9870311425;S
20240318;100250;1413.4;8;9870311447;B
20240318;100251;1413.4;2;9870311505;B
20240318;100251;1413.4;5;9870311506;B
20240318;100252;1413.2;1;9870311659;S
20240318;100253;1413.4;1;9870311797;B
20240318;100253;1413.4;14;9870311891;B
20240318;100253;1413.4;5;9870311892;B
20240318;100253;1413.4;48;9870311946;B
20240318;100253;1413.2;9;9870312079;S
20240318;100253;1413.2;1;9870312084;S
20240318;100253;1413.4;8;9870312127;B
20240318;100253;1413.2;37;9870312142;S
20240318;100253;1413;43;9870312143;S
20240318;100254;1413.4;2;9870312324;B
20240318;100254;1413.4;20;9870312325;B
20240318;100254;1413.4;56;9870312326;B
20240318;100254;1413.4;20;9870312327;B
20240318;100254;1413.4;200;9870312328;B
20240318;100254;1413.6;2;9870312329;B
20240318;100255;1413.4;1;9870312464;S
20240318;100255;1413.2;47;9870312465;S
20240318;100255;1413;23;9870312466;S
20240318;100255;1413.4;1;9870312515;B
20240318;100256;1413;11;9870312692;S
20240318;100256;1413;62;9870312707;S
20240318;100256;1413;2;9870312708;S
20240318;100256;1412.6;8;9870312709;S
20240318;100256;1412.6;11;9870312710;S
20240318;100256;1412.6;17;9870312711;S
20240318;100256;1413;10;9870312825;B
20240318;100257;1413.4;6;9870313017;B
20240318;100257;1413.4;11;9870313018;B
20240318;100257;1413.4;13;9870313019;B
20240318;100257;1412.8;1;9870313078;S
20240318;100257;1412.8;2;9870313148;S
20240318;100258;1413;50;9870313251;B
20240318;100258;1413.2;12;9870313252;B
20240318;100259;1413.4;3;9870313507;B
20240318;100301;1413;1;9870314053;S
20240318;100302;1413;15;9870314246;S
20240318;100302;1413;14;9870314257;S
20240318;100302;1413;36;9870314258;S
20240318;100302;1413.2;1;9870314259;B
20240318;100303;1413.4;2;9870314490;B
20240318;100303;1413.4;1;9870314499;B
20240318;100303;1413.6;1;9870314565;B
20240318;100304;1413.2;5;9870314723;S
20240318;100304;1413.2;27;9870314829;S
20240318;100304;1413;32;9870314830;S
20240318;100304;1412.8;1;9870314831;S
20240318;100304;1412.8;128;9870314832;S
20240318;100304;1412.6;11;9870314833;S
20240318;100304;1412.6;20;9870314834;S
20240318;100304;1412.4;56;9870314835;S
20240318;100304;1412.4;201;9870314836;S
20240318;100304;1412.2;24;9870314837;S
20240318;100305;1413;20;9870314877;B
20240318;100305;1413.4;11;9870314878;B
20240318;100305;1413.4;24;9870314879;B
20240318;100307;1412.6;24;9870315506;S
20240318;100307;1412.4;75;9870315507;S
20240318;100307;1412.4;27;9870315508;S
20240318;100308;1413;17;9870315620;B
20240318;100309;1413;3;9870315905;B
20240318;100310;1413.2;1;9870316135;B
20240318;100310;1413.2;19;9870316136;B
20240318;100311;1413.2;56;9870316241;B
20240318;100311;1413.2;2;9870316336;B
20240318;100313;1412.2;1;9870316814;S
20240318;100313;1412.2;29;9870316927;S
20240318;100314;1412.2;1;9870317007;S
20240318;100315;1412.6;1;9870317284;B
20240318;100316;1412.6;11;9870317603;B
20240318;100316;1412.8;19;9870317604;B
20240318;100316;1412.2;50;9870317675;S
20240318;100317;1412.6;3;9870317749;B
20240318;100318;1412.4;1;9870318120;B
20240318;100318;1412.4;1;9870318121;B
20240318;100319;1412.2;2;9870318331;S
20240318;100319;1412;4;9870318332;S
20240318;100320;1412.2;19;9870318544;S
20240318;100320;1412;16;9870318545;S
20240318;100320;1412;2;9870318604;S
20240318;100321;1412.2;15;9870318906;B
20240318;100321;1412;37;9870318908;S
20240318;100321;1412;50;9870318909;S
20240318;100321;1412;227;9870318910;S
20240318;100321;1412;686;9870318911;S
20240318;100322;1412.2;1;9870319738;B
20240318;100323;1412;1;9870319924;S
20240318;100324;1412.2;9;9870320291;B
20240318;100324;1412.2;3;9870320292;B
20240318;100324;1412.2;20;9870320293;B
20240318;100324;1412.2;1;9870320294;B
20240318;100324;1412.2;4;9870320295;B
20240318;100324;1412.2;6;9870320344;B
20240318;100324;1412.2;4;9870320345;B
20240318;100324;1412.4;1;9870320346;B
20240318;100324;1412.6;26;9870320347;B
20240318;100324;1412;50;9870320399;S
20240318;100325;1412.4;1;9870320459;B
20240318;100326;1412.4;1;9870320707;B
20240318;100326;1412.4;18;9870320719;B
20240318;100326;1412.6;17;9870320720;B
20240318;100326;1412;2;9870320741;S
20240318;100326;1412.4;11;9870320775;B
20240318;100326;1412.4;9;9870320835;B
20240318;100326;1412.6;66;9870320836;B
20240318;100326;1412.6;11;9870320851;B
20240318;100326;1412.4;20;9870320931;B
20240318;100326;1412.6;55;9870320932;B
20240318;100328;1412;161;9870321321;S
20240318;100328;1412;11;9870321322;S
20240318;100328;1412;141;9870321323;S
20240318;100328;1412;21;9870321324;S
20240318;100328;1412.4;6;9870321364;B
20240318;100328;1412.4;4;9870321415;B
20240318;100328;1412;49;9870321494;S
20240318;100331;1412.4;3;9870321987;B
20240318;100333;1412;3;9870322438;S
20240318;100334;1412;1;9870322618;S
20240318;100335;1412;2;9870322799;S
20240318;100335;1412;4;9870322800;S
20240318;100336;1412;1;9870323024;S
20240318;100337;1412.2;2;9870323177;B
20240318;100337;1412;10;9870323193;S
20240318;100337;1412;3;9870323426;S
20240318;100337;1412.2;3;9870323428;B
20240318;100338;1412;10;9870323706;S
20240318;100338;1412;72;9870323720;S
20240318;100338;1412;75;9870323721;S
20240318;100338;1412;1;9870323722;S
20240318;100338;1412;100;9870323723;S
20240318;100338;1411.6;11;9870323724;S
20240318;100338;1411.6;91;9870323725;S
20240318;100338;1411;11;9870323767;S
20240318;100338;1411;45;9870323776;S
20240318;100338;1411;55;9870323777;S
20240318;100339;1411;10;9870323887;S
20240318;100339;1411;76;9870324031;S
20240318;100339;1411;56;9870324032;S
20240318;100339;1410.8;7;9870324033;S
20240318;100340;1411.4;20;9870324154;B
20240318;100340;1411.6;11;9870324155;B
20240318;100340;1412;69;9870324156;B
20240318;100340;1411.8;10;9870324160;B
20240318;100340;1411;141;9870324242;S
20240318;100340;1411;69;9870324243;S
20240318;100340;1410.8;13;9870324244;S
20240318;100340;1410.8;56;9870324245;S
20240318;100340;1410.8;11;9870324246;S
20240318;100340;1410.8;110;9870324247;S
20240318;100341;1410.8;42;9870324337;S
20240318;100341;1410.6;75;9870324338;S
20240318;100341;1410.6;141;9870324339;S
20240318;100341;1410.4;2;9870324340;S
20240318;100341;1410.4;56;9870324341;S
20240318;100341;1410.4;20;9870324342;S
20240318;100341;1410.4;11;9870324343;S
20240318;100341;1410.4;100;9870324344;B
20240318;100341;1410.4;53;9870324346;B
20240318;100342;1411.2;2;9870324496;B
20240318;100343;1411;2;9870324681;B
20240318;100343;1410.6;6;9870324693;S
20240318;100343;1410.6;2;9870324727;S
20240318;100344;1411;8;9870324856;B
20240318;100344;1411.2;8;9870324857;B
20240318;100345;1410.8;16;9870325197;S
20240318;100345;1410.6;8;9870325198;S
20240318;100349;1410.6;2;9870326034;S
20240318;100349;1410.4;47;9870326035;S
20240318;100349;1410.4;57;9870326036;S
20240318;100349;1410.4;19;9870326065;S
20240318;100349;1410.4;20;9870326066;S
20240318;100349;1410.2;346;9870326067;S
20240318;100351;1410.2;10;9870326313;S
20240318;100352;1410.2;80;9870326543;S
20240318;100352;1410.6;4;9870326591;B
20240318;100352;1410.2;25;9870326692;S
20240318;100353;1410.2;5;9870326872;S
20240318;100355;1410.2;8;9870327107;S
20240318;100357;1410.2;5;9870327638;S
20240318;100357;1410.2;10;9870327746;S
20240318;100357;1410.4;4;9870327790;B
20240318;100357;1410.4;5;9870327795;B
20240318;100357;1410.4;1;9870327819;B
20240318;100358;1410.2;800;9870327870;S
20240318;100358;1410.2;530;9870327979;S
20240318;100359;1410.2;1;9870328147;S
20240318;100359;1410.4;1;9870328219;B
20240318;100359;1410.4;1;9870328221;B
20240318;100359;1410.4;1;9870328281;B
20240318;100359;1410.2;12;9870328295;S
20240318;100359;1410.2;1;9870328352;S
20240318;100400;1410.2;5;9870328542;S
20240318;100400;1410.4;1;9870328585;B
20240318;100400;1410.4;10;9870328603;B
20240318;100401;1410.2;2;9870328642;S
20240318;100401;1410.2;41;9870328673;S
20240318;100401;1410.4;6;9870328691;B
20240318;100401;1410.4;2;9870328692;B
20240318;100401;1410.4;4;9870328693;B
20240318;100401;1410.4;2;9870328859;B
20240318;100402;1410.2;10;9870328945;S
20240318;100402;1410.2;70;9870328998;S
20240318;100403;1410.2;10;9870329262;S
20240318;100403;1410.2;75;9870329277;S
20240318;100403;1410.2;7;9870329288;S
20240318;100403;1410.4;6;9870329358;B
20240318;100405;1410.4;7;9870329784;B
20240318;100406;1410.2;20;9870329801;S
20240318;100406;1410.4;1;9870329876;B
20240318;100406;1410.2;1;9870329999;S
20240318;100407;1410.2;59;9870330037;S
20240318;100407;1410.4;3;9870330144;B
20240318;100407;1410.4;7;9870330145;B
20240318;100408;1410.4;26;9870330225;B
20240318;100408;1410.4;7;9870330226;B
20240318;100408;1410.2;1;9870330277;S
20240318;100408;1410.2;1;9870330295;S
20240318;100409;1410.2;1;9870330411;S
20240318;100409;1410.4;1;9870330442;B
20240318;100409;1410.4;1;9870330497;B
20240318;100409;1410.4;2;9870330498;B
20240318;100410;1410.2;3;9870330644;S
20240318;100410;1410.2;2;9870330650;S
20240318;100410;1410.2;50;9870330654;S
20240318;100412;1410.2;319;9870331223;S
20240318;100412;1410.2;5;9870331224;S
20240318;100412;1410.2;20;9870331225;S
20240318;100412;1410.2;1;9870331226;S
20240318;100412;1410.2;10;9870331227;S
20240318;100412;1410;10;9870331228;S
20240318;100412;1410;25;9870331229;S
20240318;100412;1410;80;9870331230;S
20240318;100412;1410;45;9870331231;S
20240318;100412;1410;20;9870331232;S
20240318;100412;1410;2;9870331233;S
20240318;100412;1410;60;9870331234;S
20240318;100412;1410;90;9870331235;S
20240318;100412;1410;30;9870331236;S
20240318;100412;1410;2;9870331237;S
20240318;100412;1410;1;9870331238;S
20240318;100412;1410;2;9870331239;S
20240318;100412;1410;21;9870331240;S
20240318;100412;1410;12;9870331241;S
20240318;100412;1410;20;9870331242;S
20240318;100412;1410;9;9870331243;S
20240318;100412;1410;11;9870331244;S
20240318;100412;1409.2;35;9870331246;S
20240318;100415;1409.2;40;9870331932;S
20240318;100418;1409.6;1;9870332894;B
20240318;100418;1409.2;25;9870332908;S
20240318;100418;1409.2;3;9870332909;S
20240318;100419;1409.2;141;9870333185;S
20240318;100419;1409.2;141;9870333193;S
20240318;100419;1409;26;9870333277;S
20240318;100419;1409;3;9870333296;S
20240318;100419;1409;16;9870333349;S
20240318;100419;1409;35;9870333350;S
20240318;100419;1409;15;9870333351;S
20240318;100419;1408.8;50;9870333354;S
20240318;100420;1409.2;1;9870333418;B
20240318;100420;1408.6;10;9870333432;S
20240318;100423;1408.8;5;9870333967;S
20240318;100423;1408.8;1;9870334015;S
20240318;100424;1408.8;19;9870334129;S
20240318;100424;1408.6;6;9870334130;S
20240318;100425;1409;1;9870334377;B
20240318;100425;1409;5;9870334397;B
20240318;100425;1409.2;45;9870334398;B
20240318;100426;1409;1;9870334523;B
20240318;100428;1408.8;1;9870335004;S
20240318;100430;1408.8;5;9870335406;S
20240318;100430;1409;4;9870335541;B
20240318;100431;1408.8;3;9870335582;S
20240318;100432;1409;1;9870335756;B
20240318;100432;1409;2;9870335769;B
20240318;100432;1409;1;9870335803;B
20240318;100432;1409;42;9870335804;B
20240318;100432;1409;27;9870335805;B
20240318;100432;1409.4;56;9870335806;B
20240318;100432;1409.4;11;9870335807;B
20240318;100432;1409.4;20;9870335808;B
20240318;100432;1409.6;56;9870335809;B
20240318;100432;1409.6;202;9870335810;B
20240318;100432;1409.8;56;9870335811;B
20240318;100432;1409.8;4;9870335812;B
20240318;100432;1409.8;1;9870335813;B
20240318;100432;1409.8;229;9870335814;B
20240318;100432;1410;1978;9870335815;B
20240318;100432;1410;216;9870335816;B
20240318;100432;1410;1;9870335817;B
20240318;100432;1410;100;9870335818;B
20240318;100434;1409.6;16;9870336101;S
20240318;100434;1409.8;1;9870336118;S
20240318;100434;1409.6;1;9870336119;S
20240318;100435;1409.6;3;9870336369;S
20240318;100435;1409.4;20;9870336370;S
20240318;100435;1409.4;27;9870336371;S
20240318;100435;1409.4;100;9870336372;S
20240318;100436;1410;13;9870336633;B
20240318;100438;1410;3;9870337038;B
20240318;100438;1409.4;3;9870337087;S
20240318;100438;1409.2;20;9870337088;S
20240318;100438;1409.2;125;9870337089;S
20240318;100438;1409.2;26;9870337090;S
20240318;100438;1409;11;9870337091;S
20240318;100438;1409;3;9870337172;S
20240318;100438;1409;147;9870337173;S
20240318;100439;1409.6;10;9870337415;B
20240318;100439;1409.4;10;9870337494;B
20240318;100440;1409.4;16;9870337558;B
20240318;100440;1409.6;55;9870337559;B
20240318;100443;1409.6;6;9870338161;B
20240318;100445;1409.4;1;9870338470;S
20240318;100445;1409.2;4;9870338471;S
20240318;100445;1409.8;1;9870338532;B
20240318;100446;1409.4;1;9870338622;S
20240318;100446;1409.4;4;9870338623;S
20240318;100446;1409.8;20;9870338699;B
20240318;100446;1409.4;3;9870338700;S
20240318;100447;1409.4;8;9870338777;S
20240318;100449;1409.4;15;9870339272;S
20240318;100449;1409.2;85;9870339273;S
20240318;100450;1409.8;1;9870339653;B
20240318;100450;1409.8;1;9870339661;B
20240318;100453;1409.6;1;9870340224;S
20240318;100454;1409.8;33;9870340565;B
20240318;100454;1409.8;10;9870340566;B
20240318;100454;1410;6;9870340567;B
20240318;100454;1410;11;9870340568;B
20240318;100454;1410;40;9870340569;B
20240318;100455;1409.6;8;9870340630;S
20240318;100455;1409.8;1;9870340694;B
20240318;100455;1409.8;1;9870340697;B
20240318;100455;1409.6;1;9870340738;S
20240318;100455;1409.6;20;9870340739;S
20240318;100456;1409.8;10;9870340867;B
20240318;100457;1409.8;3;9870340939;B
20240318;100457;1409.8;2;9870340999;B
20240318;100459;1409.6;147;9870341353;S
20240318;100501;1409.8;20;9870341637;B
20240318;100501;1409.8;19;9870341659;B
20240318;100501;1409.8;10;9870341660;B
20240318;100501;1409.8;37;9870341661;B
20240318;100501;1409.8;1;9870341697;B
20240318;100501;1409.6;3;9870341762;S
20240318;100502;1409.6;3;9870341853;S
20240318;100502;1409.6;100;9870341918;S
20240318;100502;1409.8;1;9870341927;B
20240318;100502;1409.8;1;9870341959;B
20240318;100502;1409.6;1;9870341966;S
20240318;100503;1409.8;1;9870342061;B
20240318;100504;1409.6;10;9870342289;S
20240318;100505;1409.8;1;9870342431;B
20240318;100507;1409.8;10;9870342935;B
20240318;100508;1409.6;1;9870342974;S
20240318;100509;1409.6;26;9870343192;S
20240318;100509;1409.6;53;9870343193;S
20240318;100509;1409.6;2;9870343194;S
20240318;100509;1409.4;19;9870343195;S
20240318;100509;1409.6;8;9870343211;B
20240318;100509;1409.6;1;9870343212;B
20240318;100509;1409.6;1;9870343213;B
20240318;100509;1409.6;1;9870343215;B
20240318;100509;1409.6;2;9870343219;B
20240318;100509;1409.6;4;9870343220;B
20240318;100509;1409.6;3;9870343223;B
20240318;100509;1409.6;2;9870343224;B
20240318;100509;1409.6;1;9870343235;B
20240318;100509;1409.6;10;9870343274;B
20240318;100510;1409.6;1;9870343565;B
20240318;100510;1409.6;1;9870343573;B
20240318;100511;1409.4;187;9870343662;S
20240318;100511;1409.6;1;9870343705;B
20240318;100511;1409.6;10;9870343841;B
20240318;100512;1409.6;1;9870344082;B
20240318;100512;1409.6;15;9870344147;B
20240318;100514;1409.6;1;9870344489;B
20240318;100516;1409.4;3;9870344808;S
20240318;100516;1409.6;1;9870344881;B
20240318;100517;1409.6;4;9870344958;B
20240318;100519;1409.4;1;9870345320;B
20240318;100520;1409.2;150;9870345616;S
20240318;100521;1409.4;1;9870345698;B
20240318;100522;1409.4;1;9870345800;B
20240318;100522;1409.4;5;9870345983;B
20240318;100522;1409.4;2;9870345984;B
20240318;100524;1409.2;1;9870346248;S
20240318;100524;1409.2;1;9870346342;S
20240318;100524;1409.4;1;9870346346;B
20240318;100525;1409.4;1;9870346498;B
20240318;100525;1409.4;1;9870346522;B
20240318;100525;1409.4;1;9870346524;B
20240318;100526;1409.4;64;9870346730;B
20240318;100526;1409.4;2;9870346731;B
20240318;100526;1409.4;20;9870346732;B
20240318;100526;1409.4;14;9870346733;B
20240318;100528;1409.2;14;9870346963;S
20240318;100529;1409.6;4;9870347056;B
20240318;100529;1409.4;2;9870347093;S
20240318;100530;1409.6;3;9870347168;B
20240318;100530;1409.4;170;9870347223;S
20240318;100530;1409.2;15;9870347367;S
20240318;100531;1409.4;6;9870347565;B
20240318;100533;1409.4;1;9870347807;B
20240318;100535;1409.4;28;9870348143;B
20240318;100535;1409.6;147;9870348144;B
20240318;100535;1409.6;20;9870348145;B
20240318;100535;1409.6;5;9870348146;B
20240318;100537;1409.6;195;9870348751;B
20240318;100537;1409.6;1;9870348752;B
20240318;100537;1409.6;28;9870348753;B
20240318;100537;1409.8;748;9870348754;B
20240318;100537;1409.8;10;9870348755;B
20240318;100537;1409.8;4;9870348756;B
20240318;100537;1409.8;14;9870348757;B
20240318;100537;1409.6;35;9870348781;S
20240318;100538;1409.6;57;9870349081;S
20240318;100538;1409.6;1;9870349082;S
20240318;100538;1409.6;19;9870349113;S
20240318;100538;1409.4;1;9870349114;S
20240318;100539;1409.6;11;9870349187;S
20240318;100539;1409.8;1;9870349194;B
20240318;100539;1409.6;156;9870349294;S
20240318;100539;1409.4;29;9870349295;S
20240318;100540;1409.8;1;9870349348;B
20240318;100540;1409.6;10;9870349382;S
20240318;100540;1409.8;1;9870349443;B
20240318;100540;1409.8;1;9870349456;B
20240318;100542;1409.8;2;9870349658;B
20240318;100542;1409.6;2;9870349676;S
20240318;100543;1409.6;1;9870349836;S
20240318;100543;1409.8;3;9870349900;B
20240318;100544;1409.6;2;9870350038;S
20240318;100544;1409.6;1;9870350039;S
20240318;100545;1409.6;1;9870350126;S
20240318;100545;1409.6;1;9870350262;S
20240318;100545;1409.8;1;9870350293;B
20240318;100545;1409.8;1;9870350298;B
20240318;100549;1409.8;5;9870351247;B
20240318;100549;1410;10;9870351248;B
20240318;100549;1410;4;9870351249;B
20240318;100549;1410;3;9870351250;B
20240318;100549;1410;14;9870351251;B
20240318;100549;1410;1;9870351312;B
20240318;100550;1410;1;9870351405;B
20240318;100550;1410;1;9870351421;B
20240318;100550;1409.8;100;9870351475;S
20240318;100550;1409.8;47;9870351479;B
20240318;100550;1409.8;20;9870351480;B
20240318;100551;1409.8;2;9870351534;S
20240318;100551;1410;4;9870351552;B
20240318;100552;1410;2;9870351644;B
20240318;100552;1410;2;9870351673;B
20240318;100552;1410;694;9870351906;B
20240318;100552;1410;6;9870351907;B
20240318;100553;1410;10;9870352002;B
20240318;100554;1410;3;9870352310;B
20240318;100555;1409.8;204;9870352356;S
20240318;100556;1410;6;9870352581;B
20240318;100557;1410;1;9870352681;B
20240318;100558;1410;1;9870352845;B
20240318;100558;1410;1;9870352862;B
20240318;100600;1409.8;15;9870353060;S
20240318;100602;1409.8;2;9870353333;S
20240318;100602;1409.8;1;9870353334;S
20240318;100602;1409.8;1;9870353335;S
20240318;100602;1409.8;1;9870353336;S
20240318;100602;1409.6;2;9870353337;S
20240318;100602;1409.6;5;9870353338;S
20240318;100602;1409.6;5;9870353339;S
20240318;100602;1409.6;10;9870353340;S
20240318;100602;1409.6;29;9870353341;S
20240318;100602;1409.6;20;9870353342;S
20240318;100602;1409.6;16;9870353343;S
20240318;100602;1409.4;11;9870353344;S
20240318;100602;1409.4;1;9870353345;S
20240318;100602;1409.4;10;9870353346;S
20240318;100602;1409.4;700;9870353347;S
20240318;100602;1409.4;141;9870353348;S
20240318;100602;1409.4;1;9870353349;S
20240318;100602;1409.2;7;9870353350;S
20240318;100602;1409.2;56;9870353351;S
20240318;100602;1409.2;70;9870353352;S
20240318;100602;1409.2;40;9870353473;B
20240318;100603;1409.2;1;9870353513;B
20240318;100604;1409.2;4;9870353835;B
20240318;100606;1409.2;150;9870354141;B
20240318;100606;1409.2;138;9870354194;B
20240318;100607;1409.2;1;9870354316;B
20240318;100608;1409;50;9870354624;S
20240318;100609;1409.2;3;9870354740;B
20240318;100609;1409.2;350;9870354784;B
20240318;100610;1409.2;1;9870354888;B
20240318;100610;1409.2;5;9870354903;B
20240318;100613;1409.2;1;9870355332;B
20240318;100613;1409;1;9870355335;S
20240318;100613;1409.2;217;9870355443;B
20240318;100613;1409.2;30;9870355444;B
20240318;100613;1409.4;20;9870355445;B
20240318;100613;1409.6;11;9870355446;B
20240318;100613;1409.8;177;9870355447;B
20240318;100613;1410;472;9870355448;B
20240318;100613;1410;10;9870355449;B
20240318;100613;1410;2;9870355450;B
20240318;100613;1410;1;9870355451;B
20240318;100613;1410;4;9870355452;B
20240318;100613;1410;2;9870355453;B
20240318;100613;1410;10;9870355454;B
20240318;100613;1410;44;9870355455;B
20240318;100614;1409.8;10;9870355467;B
20240318;100614;1409.4;1;9870355566;S
20240318;100614;1409.2;20;9870355567;S
20240318;100614;1409.2;2;9870355574;S
20240318;100614;1409.8;14;9870355594;B
20240318;100615;1409.2;5;9870355848;S
20240318;100620;1409.6;1;9870356716;B
20240318;100620;1409.6;1;9870356799;B
20240318;100620;1409.6;1;9870356816;B
20240318;100621;1409.6;27;9870357014;B
20240318;100621;1409.8;5;9870357015;B
20240318;100621;1409.8;3;9870357016;B
20240318;100621;1410;106;9870357017;B
20240318;100621;1410;1;9870357018;B
20240318;100621;1410;6;9870357019;B
20240318;100621;1410;1;9870357032;B
20240318;100624;1409.8;5;9870357415;B
20240318;100624;1410;20;9870357416;B
20240318;100629;1409.8;1;9870358178;B
20240318;100635;1409.6;5;9870359457;S
20240318;100636;1409.6;2;9870359701;S
20240318;100636;1409.8;2;9870359762;B
20240318;100636;1409.8;13;9870359763;B
20240318;100636;1409.6;10;9870359796;S
20240318;100638;1409.6;39;9870360136;S
20240318;100638;1409.6;6;9870360137;S
20240318;100638;1409.8;1;9870360249;B
20240318;100639;1409.8;4;9870360511;B
20240318;100639;1409.8;16;9870360512;B
20240318;100639;1409.6;3;9870360555;S
20240318;100640;1409.8;5;9870360751;B
20240318;100641;1410;1;9870360913;B
20240318;100641;1410;1;9870361003;B
20240318;100642;1409.8;10;9870361062;S
20240318;100643;1410;6;9870361286;B
20240318;100643;1410;50;9870361287;B
20240318;100644;1409.8;46;9870361564;S
20240318;100644;1409.8;31;9870361565;S
20240318;100644;1409.8;117;9870361566;S
20240318;100645;1410;3;9870361671;B
20240318;100646;1410;1;9870361891;B
20240318;100646;1409.8;10;9870361916;S
20240318;100646;1410;1;9870361951;B
20240318;100648;1409.8;1;9870362256;S
20240318;100648;1409.8;4;9870362306;S
20240318;100649;1409.8;131;9870362511;S
20240318;100649;1409.8;215;9870362512;S
20240318;100649;1409.8;30;9870362513;S
20240318;100649;1409.8;11;9870362514;S
20240318;100649;1409.8;63;9870362515;S
20240318;100652;1410;1;9870363037;B
20240318;100653;1410;56;9870363178;B
20240318;100653;1409.8;56;9870363244;S
20240318;100653;1409.6;14;9870363245;S
20240318;100655;1410;140;9870363579;B
20240318;100656;1409.8;3;9870363983;S
20240318;100657;1409.8;2;9870364148;S
20240318;100659;1410;1;9870364533;B
20240318;100700;1409.8;10;9870364837;S
20240318;100703;1410;1;9870365234;B
20240318;100703;1409.8;1;9870365274;S
20240318;100703;1409.8;40;9870365287;S
20240318;100703;1409.8;8;9870365288;S
20240318;100704;1409.8;8;9870365484;S
20240318;100705;1409.8;3;9870365659;S
20240318;100706;1410;150;9870365697;B
20240318;100706;1409.8;1;9870365715;S
20240318;100706;1410;3;9870365718;B
20240318;100706;1410;18;9870365859;B
20240318;100707;1410;2;9870365967;B
20240318;100708;1410;105;9870366086;B
20240318;100708;1410;2;9870366157;B
20240318;100709;1410;2;9870366227;B
20240318;100709;1409.8;50;9870366258;S
20240318;100709;1409.8;56;9870366259;S
20240318;100709;1409.8;194;9870366260;S
20240318;100709;1410;82;9870366396;B
20240318;100709;1410;2;9870366397;B
20240318;100709;1410;32;9870366398;B
20240318;100709;1410;1;9870366399;B
20240318;100709;1410;2;9870366400;B
20240318;100709;1410;5;9870366401;B
20240318;100709;1410;40;9870366402;B
20240318;100710;1409.8;1;9870366419;S
20240318;100710;1409.8;14;9870366420;S
20240318;100712;1410;6;9870366835;B
20240318;100712;1410;6;9870366872;B
20240318;100712;1409.8;4;9870366928;S
20240318;100713;1410;1;9870367182;B
20240318;100713;1409.8;9;9870367275;S
20240318;100714;1410;8;9870367314;B
20240318;100714;1409.8;1;9870367361;S
20240318;100714;1410;39;9870367375;B
20240318;100714;1410;20;9870367376;B
20240318;100714;1410;13;9870367377;B
20240318;100716;1409.8;3;9870368207;S
20240318;100718;1409.8;25;9870368588;S
20240318;100718;1409.8;26;9870368589;S
20240318;100719;1410;1;9870368800;B
20240318;100721;1410;12;9870369188;B
20240318;100721;1410;1;9870369214;B
20240318;100721;1410;1;9870369245;B
20240318;100721;1410;1;9870369248;B
20240318;100722;1410;48;9870369463;B
20240318;100722;1410;17;9870369540;B
20240318;100725;1410;100;9870370073;B
20240318;100725;1410;2;9870370246;B
20240318;100726;1409.8;20;9870370372;S
20240318;100726;1409.8;1;9870370377;S
20240318;100726;1409.8;41;9870370404;B
20240318;100726;1409.8;59;9870370405;B
20240318;100726;1409.8;100;9870370406;B
20240318;100727;1409.6;3;9870370589;S
20240318;100728;1409.8;49;9870371191;B
20240318;100728;1409.8;70;9870371192;B
20240318;100728;1410;1081;9870371193;B
20240318;100728;1410;1;9870371331;B
20240318;100730;1409.8;5;9870371616;S
20240318;100730;1409.8;5;9870371632;S
20240318;100730;1409.8;45;9870371691;S
20240318;100730;1409.6;2;9870371710;S
20240318;100731;1409.8;2;9870372003;B
20240318;100731;1409.8;20;9870372051;B
20240318;100733;1409.8;2;9870372473;B
20240318;100733;1409.8;8;9870372497;B
20240318;100733;1409.8;22;9870372498;B
20240318;100733;1409.8;1;9870372525;B
20240318;100733;1409.6;3;9870372599;S
20240318;100735;1409.8;1;9870372912;B
20240318;100735;1409.6;1;9870372923;S
20240318;100735;1409.6;29;9870372924;S
20240318;100735;1409.6;49;9870372925;B
20240318;100735;1409.6;1;9870373046;S
20240318;100736;1409.6;1;9870373208;S
20240318;100736;1409.8;35;9870373218;B
20240318;100736;1410;13;9870373243;B
20240318;100736;1409.6;1;9870373245;S
20240318;100737;1409.8;2;9870373373;B
20240318;100738;1409.6;1;9870373471;S
20240318;100740;1409.6;8;9870373818;S
20240318;100740;1409.4;2;9870373819;S
20240318;100740;1409.6;48;9870373822;B
20240318;100741;1409.8;5;9870374118;S
20240318;100742;1410;50;9870374201;B
20240318;100743;1409.8;210;9870374541;S
20240318;100744;1409.8;15;9870374598;B
20240318;100744;1409.8;4;9870374604;B
20240318;100744;1409.8;5;9870374607;B
20240318;100745;1409.8;4;9870374851;B
20240318;100746;1409.6;1;9870375023;S
20240318;100747;1409.8;15;9870375235;B
20240318;100747;1409.8;35;9870375256;B
20240318;100748;1409.8;212;9870375529;B
20240318;100748;1410;188;9870375530;B
20240318;100748;1410;15;9870375582;B
20240318;100748;1410;2;9870375602;B
20240318;100749;1409.8;1;9870375779;S
20240318;100749;1410;4;9870375826;B
20240318;100749;1410;2;9870375851;B
20240318;100750;1409.8;2;9870375915;S
20240318;100751;1410;621;9870376111;B
20240318;100751;1410;2;9870376112;B
20240318;100751;1409.8;1;9870376209;S
20240318;100752;1410;1;9870376420;B
20240318;100753;1410;2;9870376452;B
20240318;100754;1409.8;4;9870376662;S
20240318;100754;1409.8;27;9870376685;S
20240318;100754;1409.8;14;9870376716;S
20240318;100756;1409.8;3;9870377071;S
20240318;100757;1409.8;100;9870377299;S
20240318;100757;1409.8;4;9870377353;S
20240318;100758;1410;2;9870377468;B
20240318;100758;1409.8;4;9870377511;S
20240318;100759;1410;5;9870377587;B
20240318;100800;1410;27;9870377835;B
20240318;100801;1409.8;5;9870378042;S
20240318;100802;1410;2;9870378051;B
20240318;100804;1409.8;1;9870378448;S
20240318;100804;1409.8;5;9870378513;S
20240318;100804;1410;8;9870378520;B
20240318;100805;1410;1;9870378629;B
20240318;100805;1410;7;9870378711;B
20240318;100806;1410;15;9870378750;B
20240318;100806;1409.8;1;9870378905;S
20240318;100808;1410;4;9870379386;B
20240318;100810;1409.8;11;9870379828;S
20240318;100811;1410;35;9870379884;B
20240318;100811;1410;12;9870379999;B
20240318;100811;1409.8;5;9870380070;S
20240318;100813;1409.8;2;9870380656;S
20240318;100814;1410;1;9870380741;B
20240318;100817;1410;33;9870381799;B
20240318;100817;1410;1;9870381820;B
20240318;100818;1410;1;9870382072;B
20240318;100819;1410;80;9870382092;B
20240318;100819;1409.8;5;9870382099;S
20240318;100820;1409.8;3;9870382363;S
20240318;100820;1410;24;9870382394;B
20240318;100820;1410;100;9870382432;B
20240318;100823;1409.8;4;9870382848;S
20240318;100825;1409.8;60;9870383120;S
20240318;100825;1409.8;10;9870383121;S
20240318;100825;1409.8;5;9870383122;S
20240318;100825;1409.8;2;9870383123;S
20240318;100825;1409.6;4;9870383124;S
20240318;100826;1409.6;56;9870383384;B
20240318;100826;1409.6;24;9870383385;B
20240318;100826;1409.4;18;9870383403;S
20240318;100826;1409.4;1;9870383405;B
20240318;100826;1409.6;5;9870383693;B
20240318;100827;1409.4;1;9870383792;B
20240318;100828;1409.4;2;9870383933;B
20240318;100830;1409.4;16;9870384257;B
20240318;100831;1409.4;37;9870384450;B
20240318;100831;1409.4;70;9870384451;B
20240318;100831;1409.4;55;9870384452;B
20240318;100831;1409.4;12;9870384453;B
20240318;100831;1409.4;1;9870384454;B
20240318;100831;1409.6;56;9870384455;B
20240318;100831;1409.6;1;9870384456;B
20240318;100831;1409.6;20;9870384457;B
20240318;100831;1409.8;56;9870384458;B
20240318;100831;1409.8;74;9870384459;B
20240318;100831;1409.8;118;9870384460;B
20240318;100832;1409.8;50;9870384613;B
20240318;100832;1409.2;3;9870384684;S
20240318;100832;1409.2;79;9870384685;S
20240318;100832;1409.2;18;9870384686;S
20240318;100833;1409;70;9870384912;S
20240318;100833;1409;1;9870384913;S
20240318;100833;1409;1;9870384914;S
20240318;100833;1409;79;9870384915;S
20240318;100836;1409;3;9870385569;S
20240318;100836;1409.2;1;9870385668;B
20240318;100838;1409;68;9870386052;S
20240318;100838;1409;32;9870386053;S
20240318;100839;1409;4;9870386263;S
20240318;100839;1409;31;9870386264;S
20240318;100839;1409.2;1;9870386399;B
20240318;100843;1409.2;2;9870386898;B
20240318;100845;1409.2;2;9870387219;B
20240318;100845;1409;13;9870387262;S
20240318;100845;1409;7;9870387263;S
20240318;100847;1409;1;9870387464;S
20240318;100847;1409;20;9870387514;S
20240318;100847;1409;2;9870387515;S
20240318;100847;1409;11;9870387516;S
20240318;100847;1409;1;9870387517;S
20240318;100847;1408.8;100;9870387518;S
20240318;100847;1408.6;1;9870387519;S
20240318;100847;1408.6;100;9870387520;S
20240318;100847;1408.6;54;9870387521;S
20240318;100847;1408.6;20;9870387522;S
20240318;100847;1408.6;41;9870387523;S
20240318;100847;1408.6;20;9870387527;S
20240318;100848;1408.8;3;9870387643;B
20240318;100849;1408.8;200;9870387848;B
20240318;100850;1408.8;1;9870388099;B
20240318;100850;1408.8;99;9870388100;B
20240318;100854;1408.4;1;9870388764;S
20240318;100855;1408.8;5;9870388933;B
20240318;100857;1408.6;3;9870389506;B
20240318;100858;1408.6;2;9870389778;B
20240318;100859;1408.6;1;9870389801;B
20240318;100859;1408.4;200;9870389909;S
20240318;100902;1408.6;1;9870390279;B
20240318;100903;1408.6;1;9870390638;B
20240318;100909;1408.6;1;9870391982;B
20240318;100910;1408.2;10;9870392072;S
20240318;100911;1408.4;1;9870392425;B
20240318;100911;1408.2;1;9870392478;S
20240318;100911;1408.2;1;9870392479;S
20240318;100911;1408;1;9870392480;S
20240318;100911;1408.2;1;9870392483;B
20240318;100912;1408.2;55;9870392517;B
20240318;100912;1408.2;70;9870392518;B
20240318;100912;1408.2;65;9870392597;S
20240318;100912;1408.2;1;9870392630;S
20240318;100913;1408.4;200;9870392801;B
20240318;100914;1408.4;56;9870392943;B
20240318;100914;1408.4;70;9870392944;B
20240318;100914;1408.4;14;9870392945;B
20240318;100914;1408.4;1;9870393067;B
20240318;100915;1408.2;1;9870393247;S
20240318;100918;1408.4;4;9870393731;B
20240318;100919;1408.4;3;9870393959;B
20240318;100920;1408.2;1;9870394053;S
20240318;100926;1408.2;8;9870396385;S
20240318;100926;1408.2;29;9870396444;S
20240318;100927;1408.4;3;9870396727;B
20240318;100927;1408.2;1;9870396738;S
20240318;100927;1408.4;1;9870396827;B
20240318;100927;1408.2;16;9870396882;S
20240318;100927;1408.2;4;9870396949;S
20240318;100928;1408.4;29;9870397013;B
20240318;100928;1408.2;100;9870397029;S
20240318;100929;1408.2;23;9870397293;S
20240318;100929;1408.2;26;9870397322;S
20240318;100929;1408.2;45;9870397323;S
20240318;100930;1408.4;1;9870397441;B
20240318;100930;1408.4;1;9870397446;B
20240318;100933;1408.2;160;9870398057;S
20240318;100933;1408.2;10;9870398112;S
20240318;100934;1408.2;20;9870398204;S
20240318;100934;1408.2;2;9870398289;S
20240318;100934;1408.2;200;9870398350;S
20240318;100935;1408.4;158;9870398589;B
20240318;100935;1408.4;70;9870398590;B
20240318;100935;1408.4;1;9870398591;B
20240318;100935;1408.4;54;9870398592;B
20240318;100935;1408.4;2;9870398593;B
20240318;100935;1408.4;200;9870398594;B
20240318;100935;1408.4;22;9870398595;B
20240318;100935;1408.4;1;9870398596;B
20240318;100935;1408.4;10;9870398597;B
20240318;100935;1408.6;1;9870398598;B
20240318;100935;1408.6;11;9870398599;B
20240318;100935;1408.6;56;9870398600;B
20240318;100937;1408.6;1;9870399001;B
20240318;100937;1408.8;2;9870399002;B
20240318;100938;1408.8;30;9870399136;B
20240318;100938;1408.8;43;9870399137;B
20240318;100938;1409;8;9870399138;B
20240318;100938;1409;1;9870399139;B
20240318;100938;1409;16;9870399140;B
20240318;100938;1409;1;9870399141;B
20240318;100938;1409;56;9870399142;B
20240318;100938;1409;10;9870399143;B
20240318;100938;1409;54;9870399144;B
20240318;100938;1409.2;71;9870399145;B
20240318;100938;1409.2;1;9870399146;B
20240318;100938;1409.2;10;9870399147;B
20240318;100938;1409.2;30;9870399148;B
20240318;100938;1409.2;20;9870399149;B
20240318;100938;1409.2;56;9870399150;B
20240318;100938;1409.4;10;9870399151;B
20240318;100938;1409.4;1;9870399152;B
20240318;100938;1409.4;18;9870399153;B
20240318;100938;1409.4;37;9870399154;B
20240318;100938;1409.4;47;9870399155;B
20240318;100940;1409;10;9870399391;S
20240318;100941;1409.6;10;9870399551;B
20240318;100941;1409.6;8;9870399552;B
20240318;100941;1409.8;10;9870399751;B
20240318;100941;1409.8;1;9870399752;B
20240318;100941;1409.8;5;9870399753;B
20240318;100941;1409.8;1;9870399754;B
20240318;100942;1409.8;1;9870399973;B
20240318;100944;1409.2;1;9870400372;S
20240318;100948;1409.8;5;9870401042;B
20240318;100949;1409.2;1;9870401201;S
20240318;100958;1409.8;1;9870402696;B
20240318;100958;1409.6;1;9870402768;S
20240318;100958;1409.4;1;9870402769;S
20240318;100959;1409.4;13;9870402841;S
20240318;100959;1409.6;2;9870402927;B
20240318;101000;1409.8;1;9870403045;B
20240318;101001;1409.4;2;9870403402;S
20240318;101003;1409.6;16;9870403926;B
20240318;101003;1409.2;9;9870403933;S
20240318;101003;1409.2;20;9870403934;S
20240318;101003;1409.2;5;9870403935;S
20240318;101003;1409.2;16;9870403936;S
20240318;101006;1409.4;30;9870404789;B
20240318;101006;1409.4;20;9870404790;B
20240318;101006;1409.6;1;9870404869;B
20240318;101010;1409.2;9;9870406128;S
20240318;101014;1409.6;50;9870407380;B
20240318;101014;1409.2;4;9870407387;S
20240318;101015;1409.2;1;9870407676;S
20240318;101015;1409;20;9870407677;S
20240318;101015;1409;9;9870407678;S
20240318;101019;1409.6;1;9870408621;B
20240318;101019;1409.6;1;9870408622;B
20240318;101019;1409.6;2;9870408623;B
20240318;101019;1409.6;1;9870408624;B
20240318;101019;1409.8;50;9870408625;B
20240318;101019;1409.8;1;9870408626;B
20240318;101019;1409.8;1;9870408627;B
20240318;101019;1409.8;1;9870408628;B
20240318;101019;1410;1;9870408690;B
20240318;101020;1409.8;37;9870408850;S
20240318;101021;1410;6;9870409020;B
20240318;101023;1409.8;132;9870409300;S
20240318;101023;1409.4;2;9870409305;S
20240318;101025;1409.8;2;9870409887;B
20240318;101025;1409.4;1;9870409904;S
20240318;101025;1409.4;49;9870409917;S
20240318;101025;1409.4;4;9870409918;S
20240318;101025;1409.4;12;9870409939;S
20240318;101028;1409.8;1;9870410663;B
20240318;101031;1409.6;4;9870411333;B
20240318;101034;1409.6;2;9870412109;B
20240318;101037;1409.8;56;9870412850;B
20240318;101037;1410;1457;9870412851;B
20240318;101037;1410;4;9870412852;B
20240318;101037;1410;1;9870412853;B
20240318;101037;1410;40;9870412854;B
20240318;101037;1410;1;9870412855;B
20240318;101037;1410;1;9870412856;B
20240318;101037;1410;20;9870412857;B
20240318;101037;1410;2;9870412858;B
20240318;101037;1410;1;9870412859;B
20240318;101037;1410;200;9870412860;B
20240318;101037;1410;10;9870412861;B
20240318;101037;1410;11;9870412862;B
20240318;101037;1410;3;9870412863;B
20240318;101037;1410;10;9870412864;B
20240318;101037;1410;7;9870412865;B
20240318;101037;1410;10;9870412866;B
20240318;101037;1410;10;9870412867;B
20240318;101037;1410;50;9870412868;B
20240318;101037;1410;80;9870412869;B
20240318;101037;1410;10;9870412870;B
20240318;101037;1410;15;9870412871;B
20240318;101037;1410;1;9870412872;B
20240318;101038;1410;1;9870412919;B
20240318;101038;1409.6;5;9870413045;S
20240318;101038;1409.6;56;9870413048;B
20240318;101038;1409.8;10;9870413108;B
20240318;101040;1409.8;5;9870413426;B
20240318;101041;1409.6;10;9870413675;S
20240318;101041;1409.6;55;9870413676;B
20240318;101041;1409.6;11;9870413780;S
20240318;101043;1409.8;1;9870414086;B
20240318;101043;1409.6;11;9870414189;S
20240318;101044;1409.8;1;9870414312;B
20240318;101044;1409.6;2;9870414416;S
20240318;101044;1409.6;75;9870414477;S
20240318;101047;1409.6;1;9870414968;S
20240318;101047;1409.8;15;9870415062;B
20240318;101049;1409.6;2;9870415510;S
20240318;101049;1409.8;17;9870415546;B
20240318;101049;1409.8;1;9870415553;B
20240318;101049;1409.8;1;9870415564;B
20240318;101050;1409.6;25;9870415592;S
20240318;101050;1409.8;8;9870415683;B
20240318;101052;1409.6;34;9870415951;S
20240318;101052;1409.8;10;9870416084;B
20240318;101054;1409.8;3;9870416317;B
20240318;101055;1409.6;20;9870416507;S
20240318;101055;1409.6;25;9870416508;S
20240318;101055;1409.6;1;9870416580;S
20240318;101056;1409.6;12;9870417025;S
20240318;101057;1409.6;11;9870417152;S
20240318;101057;1409.6;2;9870417307;S
20240318;101058;1409.2;3;9870417571;S
20240318;101058;1409.2;11;9870417605;S
20240318;101102;1409.2;400;9870418394;S
20240318;101103;1409.2;1;9870419054;S
20240318;101103;1409.4;45;9870419164;B
20240318;101105;1409.6;2;9870419651;B
20240318;101107;1409.2;10;9870420188;S
20240318;101108;1409.2;10;9870420402;S
20240318;101109;1409.2;136;9870420652;S
20240318;101109;1409.4;1;9870420749;B
20240318;101110;1409.4;2;9870420997;B
20240318;101113;1409.4;1;9870421493;B
20240318;101114;1409.4;5;9870421612;B
20240318;101118;1409.2;12;9870422562;S
20240318;101120;1409.2;1;9870423204;S
20240318;101121;1409.4;5;9870423321;B
20240318;101121;1409.4;5;9870423322;B
20240318;101121;1409.2;70;9870423529;S
20240318;101123;1409.4;2;9870424037;B
20240318;101123;1409.2;1;9870424044;S
20240318;101123;1409.4;1;9870424114;B
20240318;101123;1409.2;3;9870424209;S
20240318;101123;1409.4;70;9870424210;B
20240318;101124;1409.4;4;9870424492;B
20240318;101126;1409.2;8;9870425044;S
20240318;101126;1409.4;1;9870425070;B
20240318;101126;1409.4;50;9870425137;B
20240318;101126;1409.4;1;9870425173;B
20240318;101126;1409.4;1;9870425188;B
20240318;101126;1409.2;10;9870425195;S
20240318;101127;1409.2;2;9870425551;S
20240318;101128;1409.4;1;9870425786;B
20240318;101128;1409.4;1;9870425798;B
20240318;101129;1409.2;4;9870425872;S
20240318;101130;1409.2;17;9870426223;S
20240318;101130;1409.4;1;9870426224;B
20240318;101130;1409.2;160;9870426262;S
20240318;101131;1409.4;8;9870426396;B
20240318;101131;1409.4;14;9870426397;B
20240318;101131;1409.4;1;9870426398;B
20240318;101131;1409.4;57;9870426399;B
20240318;101131;1409.6;63;9870426400;B
20240318;101131;1409.6;20;9870426401;B
20240318;101131;1409.6;56;9870426402;B
20240318;101131;1409.6;89;9870426403;B
20240318;101131;1409.6;392;9870426409;S
20240318;101131;1409.6;2;9870426416;B
20240318;101132;1409.6;1;9870426815;B
20240318;101133;1409.4;4;9870426991;B
20240318;101134;1409.6;16;9870427195;B
20240318;101135;1409.6;1;9870427338;B
20240318;101135;1409.6;1;9870427339;B
20240318;101135;1409.2;41;9870427392;S
20240318;101135;1409.2;1;9870427393;S
20240318;101135;1409.2;30;9870427394;S
20240318;101135;1409.2;3;9870427395;S
20240318;101135;1409.2;25;9870427396;S
20240318;101136;1409;7;9870427584;S
20240318;101136;1409;3;9870427585;S
20240318;101136;1409;45;9870427586;S
20240318;101136;1409.2;3;9870427603;B
20240318;101140;1409;1;9870428576;S
20240318;101140;1408.8;1;9870428577;S
20240318;101140;1408.8;8;9870428578;S
20240318;101141;1409.2;1;9870428847;B
20240318;101141;1408.8;1;9870428848;S
20240318;101143;1409.2;1;9870429160;S
20240318;101143;1409.4;7;9870429240;B
20240318;101143;1409.2;1;9870429303;S
20240318;101144;1409.4;1;9870429310;B
20240318;101145;1409.4;3;9870429804;B
20240318;101146;1409.4;89;9870429854;B
20240318;101146;1409.4;10;9870429855;B
20240318;101146;1409.4;1;9870429856;B
20240318;101146;1409.4;1;9870429984;B
20240318;101147;1409.2;1;9870430266;S
20240318;101149;1409.2;23;9870430558;S
20240318;101150;1409.2;5;9870430836;S
20240318;101151;1409.4;55;9870430930;B
20240318;101152;1409.4;4;9870431110;B
20240318;101152;1409.2;3;9870431163;S
20240318;101152;1409.2;4;9870431164;S
20240318;101152;1409.2;33;9870431165;S
20240318;101152;1409.2;1;9870431204;S
20240318;101153;1409.2;10;9870431302;S
20240318;101153;1409.4;1;9870431308;B
20240318;101153;1409.4;40;9870431312;B
20240318;101155;1409.2;1;9870431942;S
20240318;101155;1409.4;4;9870432012;B
20240318;101155;1409.4;1;9870432016;B
20240318;101156;1409.4;1;9870432428;B
20240318;101156;1409.4;1;9870432510;B
20240318;101157;1409.2;1;9870432804;S
20240318;101157;1409.4;1;9870433027;B
20240318;101157;1409.2;1;9870433059;S
20240318;101201;1409.4;1;9870433863;B
20240318;101201;1409.2;10;9870434027;S
20240318;101201;1409.2;1;9870434029;S
20240318;101202;1409.2;4;9870434125;S
20240318;101204;1409.4;30;9870434661;B
20240318;101204;1409.4;29;9870434662;B
20240318;101207;1409.4;3;9870435357;B
20240318;101208;1409.4;3;9870435453;B
20240318;101208;1409.4;68;9870435488;B
20240318;101208;1409.4;12;9870435489;B
20240318;101208;1409.4;55;9870435490;B
20240318;101208;1409.4;1;9870435491;B
20240318;101209;1409.6;1;9870435694;B
20240318;101210;1409.4;380;9870435781;S
20240318;101210;1409.4;305;9870436033;S
20240318;101211;1409.4;2;9870436102;B
20240318;101212;1409.2;1;9870436399;S
20240318;101212;1409.2;1;9870436400;S
20240318;101212;1409.2;2;9870436401;S
20240318;101213;1409.4;1;9870436481;B
20240318;101214;1409.2;5;9870436760;S
20240318;101215;1409.2;2;9870436976;S
20240318;101216;1409.2;5;9870437139;S
20240318;101218;1409.4;1;9870437504;B
20240318;101220;1409.4;180;9870438032;B
20240318;101221;1409.4;1;9870438117;B
20240318;101221;1409.4;1;9870438250;B
20240318;101226;1409.2;586;9870439560;S
20240318;101226;1409;1;9870439561;S
20240318;101226;1409;2;9870439562;S
20240318;101226;1409;110;9870439563;S
20240318;101227;1409;25;9870439665;S
20240318;101228;1409;5;9870439765;S
20240318;101228;1409;4;9870439850;S
20240318;101234;1409.2;2;9870441048;B
20240318;101235;1409;1;9870441357;S
20240318;101240;1409;10;9870442375;S
20240318;101240;1409;17;9870442469;S
20240318;101242;1409;300;9870442823;S
20240318;101243;1409;50;9870442898;S
20240318;101243;1409.2;187;9870442941;B
20240318;101243;1409.2;20;9870442942;B
20240318;101243;1409.2;5;9870442943;B
20240318;101243;1409.2;6;9870442944;B
20240318;101243;1409.2;40;9870442945;B
20240318;101243;1409.2;58;9870442946;B
20240318;101245;1409.2;1;9870443331;S
20240318;101245;1409.2;13;9870443370;S
20240318;101246;1409.2;4;9870443477;S
20240318;101246;1409.2;17;9870443704;S
20240318;101247;1409.4;1;9870443737;B
20240318;101247;1409.4;700;9870443738;B
20240318;101247;1409.2;1;9870443827;S
20240318;101248;1409.2;30;9870444119;S
20240318;101248;1409.4;3;9870444155;B
20240318;101248;1409.4;3;9870444158;B
20240318;101249;1409.4;1;9870444426;B
20240318;101250;1409.4;1;9870444580;B
20240318;101250;1409.4;1;9870444612;B
20240318;101250;1409.2;100;9870444681;S
20240318;101251;1409.2;101;9870444842;S
20240318;101251;1409.4;1;9870444847;B
20240318;101251;1409.2;1;9870444873;S
20240318;101253;1409.2;1;9870445141;S
20240318;101255;1409.4;1;9870445721;B
20240318;101255;1409.2;126;9870445811;S
20240318;101255;1409;23;9870445812;S
20240318;101256;1409.2;1;9870445869;B
20240318;101257;1409.2;14;9870446271;B
20240318;101257;1409.4;7;9870446272;B
20240318;101257;1409;3;9870446308;S
20240318;101301;1409;74;9870447401;S
20240318;101304;1409.2;1;9870447882;B
20240318;101305;1409.4;1;9870448196;B
20240318;101306;1409;100;9870448343;S
20240318;101307;1409.2;1;9870448508;B
20240318;101307;1409;1;9870448509;S
20240318;101310;1409;50;9870449512;S
20240318;101311;1409;1;9870449727;S
20240318;101312;1409.2;10;9870450099;B
20240318;101312;1409.2;26;9870450100;B
20240318;101312;1409.4;700;9870450111;B
20240318;101314;1409.4;1;9870450633;B
20240318;101315;1409.2;1;9870451031;S
20240318;101316;1409.2;10;9870451209;S
20240318;101317;1409.4;26;9870451516;B
20240318;101320;1409.2;4;9870452126;S
20240318;101325;1409.2;1;9870453610;S
20240318;101326;1409.4;3;9870454036;B
20240318;101326;1409.4;21;9870454057;B
20240318;101327;1409.2;1;9870454194;S
20240318;101327;1409.2;1;9870454207;S
20240318;101331;1409.2;1;9870455100;S
20240318;101332;1409.4;2;9870455395;B
20240318;101333;1409.2;1;9870455467;S
20240318;101333;1409.2;16;9870455473;S
20240318;101333;1409.2;3;9870455474;S
20240318;101333;1409.2;4;9870455475;S
20240318;101333;1409.2;3;9870455476;S
20240318;101333;1409;124;9870455477;S
20240318;101334;1409.4;3;9870455607;B
20240318;101334;1409.4;1;9870455895;B
20240318;101334;1409.2;1;9870455904;S
20240318;101336;1409.2;54;9870456138;S
20240318;101336;1409.2;26;9870456139;S
20240318;101337;1409.2;1;9870456348;S
20240318;101337;1409.2;10;9870456454;S
20240318;101338;1409.2;63;9870456475;S
20240318;101339;1409.2;1;9870456873;S
20240318;101340;1409.4;49;9870457133;B
20240318;101340;1409.2;3;9870457172;S
20240318;101341;1409.2;3;9870457221;S
20240318;101341;1409.4;15;9870457238;B
20240318;101341;1409.2;5;9870457314;S
20240318;101343;1409.2;5;9870457689;S
20240318;101344;1409.2;1;9870457696;S
20240318;101348;1409.2;1;9870458559;S
20240318;101350;1409.4;40;9870458930;B
20240318;101350;1409.4;10;9870459058;B
20240318;101350;1409.4;10;9870459089;B
20240318;101350;1409.4;10;9870459114;B
20240318;101351;1409.4;7;9870459122;B
20240318;101351;1409.4;2;9870459144;B
20240318;101351;1409.2;37;9870459361;S
20240318;101353;1409.2;5;9870459637;S
20240318;101353;1409.4;1;9870459638;B
20240318;101353;1409.2;39;9870459668;S
20240318;101353;1409.2;27;9870459669;S
20240318;101353;1409.4;50;9870459709;B
20240318;101355;1409.2;73;9870460012;S
20240318;101355;1409.2;28;9870460013;S
20240318;101357;1409.2;20;9870460317;S
20240318;101357;1409.4;1;9870460333;B
20240318;101358;1409.2;30;9870460540;S
20240318;101402;1409.2;5;9870461414;S
20240318;101402;1409.4;1;9870461513;B
20240318;101403;1409.2;10;9870461653;S
20240318;101404;1409.2;2;9870461782;S
20240318;101404;1409.2;300;9870461783;S
20240318;101404;1409.2;8;9870461801;S
20240318;101404;1409.4;4;9870461896;B
20240318;101404;1409.4;4;9870461909;B
20240318;101405;1409.4;2;9870462052;B
20240318;101407;1409.2;1;9870462710;S
20240318;101407;1409.4;1;9870462778;B
20240318;101408;1409.2;1;9870462879;S
20240318;101408;1409.2;1;9870462890;S
20240318;101410;1409.4;6;9870463174;B
20240318;101410;1409.4;1;9870463175;B
20240318;101410;1409.2;140;9870463272;S
20240318;101411;1409.2;15;9870463389;S
20240318;101411;1409.2;71;9870463428;S
20240318;101412;1409.2;3;9870463507;S
20240318;101412;1409.2;2;9870463601;S
20240318;101413;1409.2;20;9870463838;S
20240318;101414;1409.4;1;9870463923;B
20240318;101415;1409.4;1;9870464048;B
20240318;101415;1409.2;2;9870464168;S
20240318;101419;1409.2;2;9870465159;S
20240318;101422;1409.2;6;9870465964;S
20240318;101423;1409.2;20;9870466024;S
20240318;101423;1409.2;1;9870466092;S
20240318;101424;1409.4;1;9870466303;B
20240318;101426;1409.4;9;9870466611;B
20240318;101426;1409.4;55;9870466612;B
20240318;101427;1409.2;1;9870466764;S
20240318;101427;1409.4;30;9870466789;B
20240318;101427;1409.2;511;9870466809;S
20240318;101427;1409.2;8;9870466810;S
20240318;101427;1409;1102;9870466811;S
20240318;101427;1409;10;9870466812;S
20240318;101427;1409;2;9870466813;S
20240318;101427;1409;1;9870466814;S
20240318;101427;1409;5;9870466815;S
20240318;101427;1409;1;9870466816;S
20240318;101427;1409;4;9870466817;S
20240318;101427;1409;1;9870466818;S
20240318;101427;1409;1;9870466819;S
20240318;101427;1409;20;9870466820;S
20240318;101427;1409;63;9870466821;S
20240318;101427;1409;9;9870466822;S
20240318;101427;1409;23;9870466825;S
20240318;101427;1408.8;23;9870466826;S
20240318;101427;1408.6;1;9870466836;S
20240318;101427;1408.6;8;9870466838;S
20240318;101427;1408.8;1;9870466842;S
20240318;101428;1409;2;9870466941;B
20240318;101428;1409.2;1;9870466979;B
20240318;101430;1409;1;9870467380;B
20240318;101432;1408.6;1;9870467759;S
20240318;101438;1409;1;9870468625;B
20240318;101439;1408.6;1;9870468822;S
20240318;101441;1409;19;9870469065;B
20240318;101441;1409;86;9870469066;B
20240318;101441;1409;62;9870469067;B
20240318;101441;1409;1;9870469081;S
20240318;101441;1409.2;1;9870469083;B
20240318;101441;1409.2;1;9870469128;B
20240318;101441;1409;2;9870469143;S
20240318;101443;1409;1;9870469354;S
20240318;101443;1409;2;9870469436;S
20240318;101443;1409;36;9870469477;S
20240318;101443;1408.6;13;9870469478;S
20240318;101443;1408.6;62;9870469479;S
20240318;101443;1408.4;11;9870469480;S
20240318;101443;1408.4;20;9870469481;S
20240318;101443;1408.4;58;9870469482;S
20240318;101445;1409;1;9870469661;B
20240318;101448;1408.4;30;9870470239;S
20240318;101449;1408.6;62;9870470386;B
20240318;101449;1408.8;20;9870470387;B
20240318;101449;1408.8;68;9870470388;B
20240318;101455;1408.6;2;9870471181;B
20240318;101455;1408.6;2;9870471183;B
20240318;101455;1408.6;1;9870471225;B
20240318;101455;1408.8;1;9870471248;B
20240318;101455;1408.4;10;9870471252;S
20240318;101457;1408.8;2;9870471588;B
20240318;101501;1408.2;3;9870472276;S
20240318;101504;1408.2;14;9870472899;S
20240318;101504;1408.2;1;9870473090;S
20240318;101505;1408.2;6;9870473386;S
20240318;101506;1408.2;238;9870473605;S
20240318;101508;1408.6;1;9870473970;B
20240318;101509;1408.2;10;9870474437;S
20240318;101509;1408.6;5;9870474490;B
20240318;101509;1408.6;3;9870474491;B
20240318;101509;1408.8;73;9870474492;B
20240318;101509;1408.8;40;9870474493;B
20240318;101509;1408.8;2;9870474494;B
20240318;101509;1408.8;3;9870474495;B
20240318;101509;1409;11;9870474496;B
20240318;101509;1409;43;9870474497;B
20240318;101517;1408.6;6;9870476704;S
20240318;101517;1408.6;4;9870476705;S
20240318;101518;1408.6;2;9870476991;S
20240318;101519;1409;2;9870477012;B
20240318;101521;1409;1;9870477572;B
20240318;101522;1408.6;4;9870478028;S
20240318;101522;1408.6;4;9870478029;S
20240318;101528;1408.2;10;9870479268;S
20240318;101530;1408.2;2;9870479945;S
20240318;101530;1408.2;5;9870480053;S
20240318;101531;1408.2;20;9870480406;S
20240318;101533;1408.4;1;9870480832;B
20240318;101533;1408.4;1;9870480919;B
20240318;101533;1408.4;1;9870481077;B
20240318;101534;1408.2;3;9870481260;S
20240318;101535;1408.2;79;9870481608;S
20240318;101537;1408.4;1;9870481887;B
20240318;101538;1408.4;1;9870482124;B
20240318;101539;1408.4;5;9870482390;B
20240318;101539;1408.6;2;9870482391;B
20240318;101542;1408.6;18;9870483800;B
20240318;101543;1408.4;1;9870483956;B
20240318;101543;1408.2;81;9870484208;S
20240318;101547;1408.2;1;9870485411;S
20240318;101548;1408.4;1;9870485973;B
20240318;101550;1408.2;7;9870486782;S
20240318;101551;1408.2;31;9870486951;S
20240318;101551;1408.2;4;9870487142;S
20240318;101552;1408.2;48;9870487243;S
20240318;101552;1408.2;20;9870487244;S
20240318;101552;1408.2;1;9870487245;S
20240318;101552;1408.2;8;9870487246;S
20240318;101552;1408.2;11;9870487247;S
20240318;101552;1408.2;1;9870487248;S
20240318;101552;1408.2;1;9870487249;S
20240318;101552;1408;1;9870487258;S
20240318;101552;1408;16;9870487377;S
20240318;101553;1408.2;2;9870487551;B
20240318;101553;1408;3;9870487569;S
20240318;101553;1408;10;9870487570;S
20240318;101553;1408;311;9870487571;S
20240318;101553;1408.2;2;9870487737;B
20240318;101554;1408.2;5;9870487767;B
20240318;101554;1408.2;1;9870487968;B
20240318;101555;1408;30;9870488102;S
20240318;101555;1408;2;9870488125;S
20240318;101556;1408.2;3;9870488313;B
20240318;101556;1408;1;9870488370;S
20240318;101558;1408.2;21;9870488775;B
20240318;101558;1408;10;9870488839;S
20240318;101559;1408;20;9870489058;S
20240318;101559;1408.2;1;9870489383;B
20240318;101559;1408.2;1;9870489397;B
20240318;101600;1408;1;9870489431;S
20240318;101600;1408.2;2;9870489480;B
20240318;101600;1408;31;9870489585;S
20240318;101602;1408.2;4;9870489928;B
20240318;101602;1408;10;9870489951;S
20240318;101603;1408.2;68;9870490174;B
20240318;101603;1408.2;68;9870490175;B
20240318;101603;1408.2;56;9870490176;B
20240318;101603;1408.2;5;9870490177;B
20240318;101604;1408.2;15;9870490383;S
20240318;101605;1408.2;10;9870491016;S
20240318;101606;1408.4;5;9870491147;B
20240318;101606;1408.4;5;9870491148;B
20240318;101609;1408;10;9870492367;S
20240318;101610;1408;100;9870492578;S
20240318;101610;1408;71;9870492627;S
20240318;101611;1408.2;1;9870492685;B
20240318;101612;1408;20;9870492882;S
20240318;101613;1408.4;1;9870493147;B
20240318;101614;1408.2;2;9870493748;B
20240318;101614;1408;33;9870493814;S
20240318;101615;1408;13;9870494019;S
20240318;101616;1408;1;9870494310;S
20240318;101616;1408;9;9870494362;S
20240318;101617;1408;1;9870494425;S
20240318;101617;1408.2;11;9870494438;B
20240318;101617;1408.2;36;9870494439;B
20240318;101619;1408;5;9870495330;S
20240318;101620;1408.2;1;9870495463;B
20240318;101620;1408.2;67;9870495464;B
20240318;101620;1408.4;1;9870495541;B
20240318;101620;1408.4;1;9870495566;B
20240318;101620;1408.2;1;9870495588;S
20240318;101622;1408.4;10;9870496139;B
20240318;101622;1408.2;5;9870496159;S
20240318;101623;1408.2;4;9870496266;S
20240318;101623;1408.4;38;9870496279;B
20240318;101623;1408.4;62;9870496280;B
20240318;101627;1408.2;1;9870497420;S
20240318;101627;1408.2;1;9870497512;S
20240318;101628;1408.4;14;9870497699;B
20240318;101629;1408.4;1;9870497894;B
20240318;101633;1408.4;1;9870499125;B
20240318;101634;1408.4;1;9870499215;B
20240318;101634;1408.4;5;9870499425;B
20240318;101635;1408.2;1;9870499566;S
20240318;101636;1408.4;1;9870499850;B
20240318;101636;1408.2;1;9870499879;S
20240318;101637;1408.4;1;9870500059;B
20240318;101637;1408.2;1;9870500076;S
20240318;101637;1408.2;60;9870500103;S
20240318;101637;1408.2;68;9870500105;B
20240318;101637;1408.2;19;9870500121;S
20240318;101638;1408.2;1;9870500317;S
20240318;101638;1408.2;5;9870500437;S
20240318;101639;1408.2;1;9870500560;S
20240318;101642;1408.4;1;9870501478;B
20240318;101642;1408.4;8;9870501479;B
