<DATE>;<TIME>;<LAST>;<VOL>;<ID>;<OPER>
20240403;095936;1283.2;1;10029449283;B
20240403;095936;1283.2;1;10029449284;S
20240403;095936;1283.2;7;10029449285;S
20240403;095936;1283.2;1;10029449286;S
20240403;095936;1283.2;5;10029449287;B
20240403;095936;1283.2;1;10029449288;S
20240403;095936;1283.2;3;10029449289;S
20240403;095936;1283.2;1;10029449290;B
20240403;095936;1283.2;26;10029449291;B
20240403;095936;1283.2;10;10029449292;S
20240403;095936;1283.2;1;10029449293;S
20240403;095936;1283.2;3;10029449294;S
20240403;095936;1283.2;25;10029449295;S
20240403;095936;1283.2;2;10029449296;S
20240403;095936;1283.2;1;10029449297;S
20240403;095936;1283.2;2;10029449298;S
20240403;095936;1283.2;1;10029449299;S
20240403;095936;1283.2;1;10029449300;S
20240403;095936;1283.2;1;10029449301;S
20240403;095936;1283.2;1;10029449302;S
20240403;095936;1283.2;1;10029449303;S
20240403;095936;1283.2;4;10029449304;B
20240403;095936;1283.2;10;10029449305;B
20240403;095936;1283.2;1;10029449306;B
20240403;095936;1283.2;2;10029449307;B
20240403;095936;1283.2;5;10029449308;B
20240403;095936;1283.2;1;10029449309;B
20240403;095936;1283.2;3;10029449310;B
20240403;095936;1283.2;4;10029449311;B
20240403;095936;1283.2;11;10029449312;B
20240403;095936;1283.2;5;10029449313;B
20240403;095936;1283.2;4;10029449314;B
20240403;095936;1283.2;912;10029449315;B
20240403;095936;1283.2;5;10029449316;B
20240403;095936;1283.2;3;10029449317;B
20240403;095936;1283.2;6;10029449318;B
20240403;095936;1283.2;3;10029449319;B
20240403;095936;1283.2;1;10029449320;S
20240403;095936;1283.2;59;10029449321;S
20240403;095936;1283.2;1;10029449322;S
20240403;095936;1283.2;6;10029449323;S
20240403;095936;1283.2;15;10029449324;B
20240403;095936;1283.2;79;10029449325;S
20240403;095936;1283.2;1;10029449326;B
20240403;095936;1283.2;2;10029449327;B
20240403;095936;1283.2;1;10029449328;S
20240403;095936;1283.2;75;10029449329;S
20240403;095936;1283.2;1;10029449330;S
20240403;095936;1283.2;1;10029449331;S
20240403;095936;1283.2;5;10029449332;S
20240403;095936;1283.2;30;10029449333;B
20240403;095936;1283.2;1;10029449334;S
20240403;095936;1283.2;5;10029449335;S
20240403;095936;1283.2;19;10029449336;S
20240403;095936;1283.2;81;10029449337;S
20240403;095936;1283.2;7;10029449338;B
20240403;095936;1283.2;1;10029449339;B
20240403;095936;1283.2;1;10029449340;S
20240403;095936;1283.2;50;10029449341;B
20240403;095936;1283.2;78;10029449342;B
20240403;095936;1283.2;1;10029449343;S
20240403;095936;1283.2;5;10029449344;S
20240403;095936;1283.2;24;10029449345;B
20240403;095936;1283.2;1;10029449346;B
20240403;095936;1283.2;9;10029449347;B
20240403;095936;1283.2;17;10029449348;B
20240403;095936;1283.2;37;10029449349;S
20240403;095936;1283.2;1100;10029449350;B
20240403;095936;1283.2;10;10029449351;B
20240403;095936;1283.2;687;10029449352;B
20240403;095936;1283.2;3;10029449353;B
20240403;095936;1283.2;1;10029449354;B
20240403;095936;1283.2;5;10029449355;B
20240403;095936;1283.2;1;10029449356;B
20240403;095936;1283.2;4;10029449357;S
20240403;095936;1283.2;2;10029449358;B
20240403;095936;1283.2;1;10029449359;B
20240403;095936;1283.2;1;10029449360;B
20240403;095936;1283.2;59;10029449361;B
20240403;095936;1283.2;67;10029449362;B
20240403;095936;1283.2;10;10029449363;B
20240403;095936;1283.2;13;10029449364;B
20240403;095936;1283.2;50;10029449365;B
20240403;095936;1283.2;1;10029449366;S
20240403;095936;1283.2;20;10029449367;S
20240403;095936;1283.2;1;10029449368;S
20240403;095936;1283.2;100;10029449369;S
20240403;095936;1283.2;1;10029449370;S
20240403;095936;1283.2;1;10029449371;S
20240403;095936;1283.2;1;10029449372;S
20240403;095936;1283.2;339;10029449373;S
20240403;095936;1283.2;5;10029449374;S
20240403;095936;1283.2;406;10029449375;S
20240403;095936;1283.2;1;10029449376;S
20240403;095936;1283.2;1;10029449377;S
20240403;095936;1283.2;10;10029449378;S
20240403;095936;1283.2;1;10029449379;S
20240403;095936;1283.2;11;10029449380;S
20240403;095936;1283.2;2;10029449381;S
20240403;095936;1283.2;2;10029449382;S
20240403;095936;1283.2;500;10029449383;S
20240403;095936;1283.2;4;10029449384;S
20240403;095936;1283.2;5;10029449385;S
20240403;095936;1283.2;1;10029449386;S
20240403;095936;1283.2;2;10029449387;S
20240403;095936;1283.2;3;10029449388;S
20240403;095936;1283.2;10;10029449389;S
20240403;095936;1283.2;1;10029449390;S
20240403;095936;1283.2;1;10029449391;S
20240403;095936;1283.2;1;10029449392;S
20240403;095936;1283.2;238;10029449393;S
20240403;095936;1283.2;3;10029449394;S
20240403;095936;1283.2;10;10029449395;S
20240403;095936;1283.2;5;10029449396;S
20240403;095936;1283.2;28;10029449397;S
20240403;095936;1283.2;100;10029449398;S
20240403;095936;1283.2;6;10029449399;B
20240403;095936;1283.2;10;10029449400;B
20240403;095936;1283.2;1;10029449401;S
20240403;095936;1283.2;37;10029449402;S
20240403;095936;1283.2;3;10029449403;S
20240403;095936;1283.2;659;10029449404;S
20240403;095936;1283.2;15;10029449405;S
20240403;095936;1283.2;2;10029449406;S
20240403;095936;1283.2;15;10029449407;S
20240403;095936;1283.2;9;10029449408;S
20240403;095936;1283.2;20;10029449409;B
20240403;095936;1283.2;2;10029449410;B
20240403;095936;1283.2;10;10029449411;B
20240403;095936;1283.2;12;10029449412;B
20240403;095936;1283.2;1;10029449413;S
20240403;095936;1283.2;15;10029449414;S
20240403;095936;1283.2;3;10029449415;S
20240403;095936;1283.2;2;10029449416;S
20240403;095936;1283.2;1;10029449417;S
20240403;095936;1283.2;25;10029449418;S
20240403;095936;1283.2;5;10029449419;S
20240403;095936;1283.2;1;10029449420;S
20240403;095936;1283.2;23;10029449421;S
20240403;095936;1283.2;1;10029449422;S
20240403;095936;1283.2;3;10029449423;S
20240403;095936;1283.2;1;10029449424;B
20240403;095936;1283.2;1;10029449425;B
20240403;095936;1283.2;1;10029449426;B
20240403;095936;1283.2;1;10029449427;B
20240403;095936;1283.2;1;10029449428;B
20240403;095936;1283.2;5;10029449429;B
20240403;095936;1283.2;2;10029449430;B
20240403;095936;1283.2;20;10029449431;B
20240403;095936;1283.2;10;10029449432;B
20240403;095936;1283.2;2;10029449433;B
20240403;095936;1283.2;10;10029449434;B
20240403;095936;1283.2;461;10029449435;B
20240403;095936;1283.2;35;10029449436;B
20240403;095936;1283.2;2;10029449437;B
20240403;095936;1283.2;1;10029449438;B
20240403;095936;1283.2;10;10029449439;B
20240403;095936;1283.2;5;10029449440;B
20240403;095936;1283.2;20;10029449441;B
20240403;095936;1283.2;1;10029449442;B
20240403;095936;1283.2;15;10029449443;B
20240403;095936;1283.2;1;10029449444;B
20240403;095936;1283.2;1;10029449445;B
20240403;095936;1283.2;4;10029449446;B
20240403;095936;1283.2;38;10029449447;B
20240403;095936;1283.2;1;10029449448;B
20240403;095936;1283.2;77;10029449449;B
20240403;100000;1283;1;10029456928;S
20240403;100000;1283;1;10029456929;S
20240403;100000;1283;5;10029456930;S
20240403;100000;1283;5;10029456931;S
20240403;100000;1283;1;10029456932;S
20240403;100000;1283;1;10029456933;S
20240403;100000;1283;15;10029456934;S
20240403;100000;1283;1;10029456935;S
20240403;100000;1283;7;10029456936;S
20240403;100000;1283;3;10029456937;S
20240403;100000;1283;1;10029456938;S
20240403;100000;1283;2;10029456939;S
20240403;100000;1283;5;10029456940;S
20240403;100000;1283;5;10029456941;S
20240403;100000;1283;1;10029456942;S
20240403;100000;1283;2;10029456943;S
20240403;100000;1283;10;10029456944;S
20240403;100000;1283;5;10029456945;S
20240403;100000;1283;1;10029456946;S
20240403;100000;1283;72;10029456947;S
20240403;100001;1283;2;10029456991;S
20240403;100001;1283;2;10029457013;S
20240403;100001;1283;2;10029457025;S
20240403;100001;1283;11;10029457026;S
20240403;100001;1283;4;10029457027;S
20240403;100001;1283;4;10029457028;S
20240403;100001;1283;1;10029457029;S
20240403;100001;1283;8;10029457030;S
20240403;100001;1283;2;10029457031;S
20240403;100001;1283;9;10029457032;S
20240403;100001;1283;10;10029457033;S
20240403;100001;1283;9;10029457034;S
20240403;100001;1282.8;2;10029457040;S
20240403;100001;1282.8;10;10029457041;S
20240403;100001;1282.2;2;10029457086;S
20240403;100001;1282.2;1;10029457087;S
20240403;100001;1282.2;12;10029457088;S
20240403;100001;1282;2;10029457097;S
20240403;100001;1282;20;10029457098;S
20240403;100001;1282;1;10029457099;S
20240403;100001;1282;23;10029457100;S
20240403;100001;1282;1;10029457101;S
20240403;100001;1282;1;10029457102;S
20240403;100001;1282;96;10029457103;S
20240403;100001;1282;14;10029457107;S
20240403;100001;1281.8;52;10029457125;S
20240403;100001;1281.8;68;10029457128;S
20240403;100001;1282;1;10029457268;B
20240403;100001;1281.8;50;10029457324;B
20240403;100001;1282.2;1;10029457592;B
20240403;100001;1281.6;3;10029457831;S
20240403;100001;1281.8;1;10029457868;B
20240403;100001;1281.8;60;10029457931;B
20240403;100001;1282;1;10029457953;B
20240403;100001;1282.2;5;10029457972;B
20240403;100002;1282.6;1;10029459055;B
20240403;100002;1282.2;12;10029459183;S
20240403;100002;1282.2;6;10029459184;S
20240403;100003;1282.4;18;10029459493;S
20240403;100003;1282.4;12;10029459602;S
20240403;100003;1282.4;12;10029459605;S
20240403;100003;1282.4;8;10029459686;S
20240403;100003;1282.2;33;10029459687;S
20240403;100003;1281.8;2;10029459688;S
20240403;100004;1282.2;1;10029460061;B
20240403;100004;1282;1;10029460092;B
20240403;100004;1282;1;10029460142;B
20240403;100004;1282.2;124;10029460249;B
20240403;100005;1282.4;1;10029461040;B
20240403;100005;1281.8;1;10029461089;S
20240403;100005;1281.8;12;10029461090;S
20240403;100005;1281.8;2;10029461091;S
20240403;100005;1281.8;6;10029461092;S
20240403;100006;1282.4;1;10029462101;B
20240403;100006;1282.4;1;10029462114;B
20240403;100006;1282.4;1;10029462119;B
20240403;100006;1281.8;1;10029462125;S
20240403;100006;1282.4;1;10029462173;B
20240403;100006;1281.8;2;10029462174;S
20240403;100006;1282.4;1;10029462312;B
20240403;100006;1282.4;1;10029462566;B
20240403;100006;1281.8;1;10029462579;S
20240403;100006;1281.8;9;10029462595;S
20240403;100006;1281.6;91;10029462596;S
20240403;100006;1282.4;5;10029462871;B
20240403;100006;1282.4;15;10029462872;B
20240403;100007;1282.2;1;10029463367;B
20240403;100007;1281.6;11;10029463657;S
20240403;100007;1282.2;1;10029463663;B
20240403;100007;1281.6;7;10029463683;S
20240403;100007;1281.4;1;10029463684;S
20240403;100007;1281.4;2;10029463685;S
20240403;100007;1281.6;1;10029463688;S
20240403;100007;1281.6;8;10029463858;S
20240403;100007;1282;1;10029463860;B
20240403;100007;1282;1;10029464106;B
20240403;100007;1281.6;8;10029464108;S
20240403;100007;1282;8;10029464337;B
20240403;100007;1281.6;25;10029464338;S
20240403;100007;1281.6;20;10029464703;S
20240403;100007;1282;1;10029464719;B
20240403;100007;1281.6;1;10029464720;S
20240403;100007;1281.8;30;10029464952;B
20240403;100008;1281.4;13;10029465881;S
20240403;100008;1281.4;2;10029465882;S
20240403;100008;1281.4;14;10029465883;S
20240403;100008;1281.6;3;10029465887;S
20240403;100008;1281.8;1;10029465898;B
20240403;100009;1281.6;1;10029465926;S
20240403;100009;1281.6;2;10029465939;S
20240403;100009;1281.6;3;10029466195;S
20240403;100009;1281.6;23;10029466633;S
20240403;100010;1281.4;23;10029466670;S
20240403;100010;1281.6;8;10029466691;B
20240403;100010;1281.4;7;10029466745;S
20240403;100010;1281.4;7;10029466747;S
20240403;100010;1281.6;7;10029466844;S
20240403;100010;1282;60;10029466938;B
20240403;100010;1282;1;10029467074;B
20240403;100011;1282;2;10029467114;B
20240403;100011;1281.8;8;10029467261;S
20240403;100011;1281.8;90;10029467262;S
20240403;100011;1281.6;52;10029467263;S
20240403;100011;1281.8;1;10029467287;B
20240403;100011;1281.6;1;10029467424;B
20240403;100012;1281.6;4;10029467689;B
20240403;100012;1281.6;1;10029467707;B
20240403;100012;1281.6;1;10029467724;B
20240403;100012;1282;7;10029467752;B
20240403;100012;1282;39;10029467760;B
20240403;100013;1281.6;24;10029467920;S
20240403;100013;1281.6;1;10029467999;S
20240403;100014;1281.6;13;10029468176;S
20240403;100015;1281.6;190;10029468537;S
20240403;100015;1281.4;210;10029468538;S
20240403;100016;1281.6;178;10029468739;S
20240403;100016;1281.4;119;10029468740;S
20240403;100016;1281.4;78;10029468741;S
20240403;100016;1281.4;140;10029468742;S
20240403;100016;1281.2;13;10029468743;S
20240403;100016;1281.2;6;10029468744;S
20240403;100016;1281;115;10029468745;S
20240403;100016;1281;1;10029468746;S
20240403;100016;1281;1;10029468747;S
20240403;100016;1281;5;10029468748;S
20240403;100016;1281;1;10029468749;S
20240403;100016;1281;10;10029468750;S
20240403;100016;1281;1;10029468751;S
20240403;100016;1281;134;10029468752;S
20240403;100016;1281;198;10029468753;S
20240403;100016;1281.2;1;10029468789;S
20240403;100016;1281.2;78;10029468841;S
20240403;100016;1281;322;10029468842;S
20240403;100016;1281;24;10029468854;S
20240403;100019;1281;6;10029469511;S
20240403;100019;1281;6;10029469526;S
20240403;100019;1281;12;10029469609;S
20240403;100019;1281;12;10029469624;S
20240403;100019;1281;13;10029469710;S
20240403;100019;1281;13;10029469728;S
20240403;100019;1281.2;5;10029469730;B
20240403;100019;1281;4;10029469847;S
20240403;100020;1281.2;3;10029470098;B
20240403;100022;1281;35;10029470571;S
20240403;100022;1281.2;1;10029470592;B
20240403;100022;1281;6;10029470673;S
20240403;100022;1281.2;1;10029470731;B
20240403;100022;1281;349;10029470794;S
20240403;100022;1281;1;10029470795;S
20240403;100022;1281;2;10029470796;S
20240403;100022;1281;1;10029470797;S
20240403;100022;1281;4;10029470798;S
20240403;100022;1281;9;10029470799;S
20240403;100022;1281;3;10029470800;S
20240403;100022;1281;20;10029470801;S
20240403;100022;1281;62;10029470802;S
20240403;100022;1280.8;20;10029470803;S
20240403;100022;1280.8;54;10029470804;S
20240403;100022;1281.2;30;10029470834;B
20240403;100022;1280.8;6;10029470839;S
20240403;100023;1281;1;10029470890;B
20240403;100023;1280.8;9;10029471011;S
20240403;100023;1281;1;10029471097;B
20240403;100024;1281;1;10029471142;B
20240403;100024;1281;15;10029471183;B
20240403;100024;1280.8;47;10029471269;S
20240403;100024;1280.8;140;10029471270;S
20240403;100024;1280.6;2;10029471271;S
20240403;100024;1280.6;62;10029471272;S
20240403;100024;1280.4;2;10029471273;S
20240403;100024;1280.4;5;10029471274;S
20240403;100024;1280.4;1;10029471275;S
20240403;100024;1280.4;100;10029471276;S
20240403;100024;1280.4;2;10029471277;S
20240403;100024;1280.4;1;10029471278;S
20240403;100024;1280.4;62;10029471279;S
20240403;100024;1280.4;156;10029471280;S
20240403;100024;1280.4;18;10029471281;S
20240403;100024;1280.2;5;10029471282;S
20240403;100024;1280.2;1;10029471283;S
20240403;100024;1280.2;1;10029471284;S
20240403;100024;1280.2;1;10029471285;S
20240403;100024;1280.2;1;10029471286;S
20240403;100024;1280.2;5;10029471287;S
20240403;100024;1280.2;1;10029471288;S
20240403;100024;1280.2;8;10029471289;S
20240403;100024;1280.2;2;10029471290;S
20240403;100024;1280.2;12;10029471291;S
20240403;100024;1280.2;2;10029471292;S
20240403;100024;1280.2;100;10029471293;S
20240403;100024;1280.2;4;10029471294;S
20240403;100024;1280.2;1;10029471295;S
20240403;100024;1280.2;100;10029471296;S
20240403;100024;1280.2;1;10029471297;S
20240403;100024;1280.2;5;10029471298;S
20240403;100024;1280.2;1;10029471299;S
20240403;100024;1280.2;1;10029471300;S
20240403;100024;1280.2;5;10029471301;S
20240403;100024;1280.2;5;10029471302;S
20240403;100024;1280.2;1000;10029471303;S
20240403;100024;1280.2;1;10029471304;S
20240403;100024;1280.2;22;10029471305;S
20240403;100024;1280.2;39;10029471306;S
20240403;100024;1280.2;20;10029471307;S
20240403;100024;1280.2;1;10029471308;S
20240403;100024;1280.2;100;10029471309;S
20240403;100024;1280.2;25;10029471310;S
20240403;100024;1280.2;100;10029471311;S
20240403;100024;1280.2;50;10029471312;S
20240403;100024;1280.2;500;10029471313;S
20240403;100024;1280;1;10029471314;S
20240403;100024;1280;5;10029471315;S
20240403;100024;1280;1;10029471316;S
20240403;100024;1280;4;10029471317;S
20240403;100024;1280;1;10029471318;S
20240403;100024;1280;2;10029471319;S
20240403;100024;1280;3;10029471320;S
20240403;100024;1280;1;10029471321;S
20240403;100024;1280;10;10029471322;S
20240403;100024;1280;12;10029471323;S
20240403;100024;1280;1;10029471324;S
20240403;100024;1280;5;10029471325;S
20240403;100024;1280;5;10029471326;S
20240403;100024;1280;1;10029471327;S
20240403;100024;1280;39;10029471328;S
20240403;100024;1280;2;10029471329;S
20240403;100024;1280;5;10029471330;S
20240403;100024;1280;5;10029471331;S
20240403;100024;1280;1;10029471332;S
20240403;100024;1280;1;10029471333;S
20240403;100024;1280;1;10029471334;S
20240403;100024;1280;1;10029471335;S
20240403;100024;1280;3;10029471336;S
20240403;100024;1280;20;10029471337;S
20240403;100024;1280;1;10029471338;S
20240403;100024;1280;1;10029471339;S
20240403;100024;1280;2;10029471340;S
20240403;100024;1280;5;10029471341;S
20240403;100024;1280;1;10029471342;S
20240403;100024;1280;1;10029471343;S
20240403;100024;1280;1;10029471344;S
20240403;100024;1280;46;10029471345;S
20240403;100024;1280;10;10029471346;S
20240403;100024;1280;2;10029471347;S
20240403;100024;1280;1;10029471348;S
20240403;100024;1280;1;10029471349;S
20240403;100024;1280;1;10029471350;S
20240403;100024;1280;1;10029471351;S
20240403;100024;1280;21;10029471352;S
20240403;100024;1280;5;10029471353;S
20240403;100024;1280;1;10029471354;S
20240403;100024;1280;10;10029471355;S
20240403;100024;1280;1;10029471356;S
20240403;100024;1280;3;10029471357;S
20240403;100024;1280;5;10029471358;S
20240403;100024;1280;10;10029471359;S
20240403;100024;1280;20;10029471360;S
20240403;100024;1280;1;10029471361;S
20240403;100024;1280;10;10029471362;S
20240403;100024;1280;65;10029471363;S
20240403;100024;1280;1;10029471364;S
20240403;100024;1280;5;10029471365;S
20240403;100024;1280;500;10029471366;S
20240403;100024;1280;10;10029471367;S
20240403;100024;1280;10;10029471368;S
20240403;100024;1280;1;10029471369;S
20240403;100024;1280;10;10029471370;S
20240403;100024;1280;1;10029471371;S
20240403;100024;1280;3;10029471372;S
20240403;100024;1280;2;10029471373;S
20240403;100024;1280;10;10029471374;S
20240403;100024;1280;200;10029471375;S
20240403;100024;1280;2;10029471376;S
20240403;100024;1280;1;10029471377;S
20240403;100024;1280;10;10029471378;S
20240403;100024;1280;1;10029471379;S
20240403;100024;1280;1;10029471380;S
20240403;100024;1280;8;10029471381;S
20240403;100024;1280;1;10029471382;S
20240403;100024;1280;10;10029471383;S
20240403;100024;1280;30;10029471384;S
20240403;100024;1280;20;10029471385;S
20240403;100024;1280;5;10029471386;S
20240403;100024;1280;2;10029471387;S
20240403;100024;1280;1;10029471388;S
20240403;100024;1280;78;10029471389;S
20240403;100024;1280;3;10029471390;S
20240403;100024;1280;3;10029471391;S
20240403;100024;1280;10;10029471392;S
20240403;100024;1280;10;10029471393;S
20240403;100024;1280;3;10029471394;S
20240403;100024;1280;1;10029471395;S
20240403;100024;1280;500;10029471396;S
20240403;100024;1280;3;10029471397;S
20240403;100024;1280;20;10029471398;S
20240403;100024;1280;1;10029471399;S
20240403;100024;1280;10;10029471400;S
20240403;100024;1280;1;10029471401;S
20240403;100024;1280;1;10029471402;S
20240403;100024;1280;200;10029471403;S
20240403;100024;1280;42;10029471404;S
20240403;100024;1280;1;10029471405;S
20240403;100024;1280;2;10029471406;S
20240403;100024;1280;1;10029471407;S
20240403;100024;1280;1;10029471408;S
20240403;100024;1280;10;10029471409;S
20240403;100024;1280;10;10029471410;S
20240403;100024;1280;1;10029471411;S
20240403;100024;1280;100;10029471412;S
20240403;100024;1280;5;10029471413;S
20240403;100024;1280;1;10029471414;S
20240403;100024;1280;40;10029471415;S
20240403;100024;1280;1000;10029471416;S
20240403;100024;1280;7000;10029471417;S
20240403;100024;1280;13;10029471418;S
20240403;100024;1279.8;1;10029471430;S
20240403;100024;1279.8;40;10029471431;S
20240403;100024;1279.8;1;10029471432;S
20240403;100024;1279.8;2;10029471433;S
20240403;100024;1279.6;1;10029471434;S
20240403;100024;1279.6;1;10029471435;S
20240403;100024;1279.6;2;10029471436;S
20240403;100024;1279.4;5;10029471437;S
20240403;100024;1279.4;1;10029471438;S
20240403;100024;1279.4;1;10029471439;S
20240403;100024;1279.4;1;10029471440;S
20240403;100024;1279.4;21;10029471441;S
20240403;100024;1279.2;2;10029471442;S
20240403;100025;1279.4;24;10029471519;S
20240403;100025;1279.4;24;10029471524;S
20240403;100025;1279.6;1;10029471581;B
20240403;100025;1279.2;3;10029471583;S
20240403;100025;1279.2;2;10029471584;S
20240403;100025;1279.2;1;10029471585;S
20240403;100025;1279.2;1;10029471586;S
20240403;100025;1279.2;13;10029471587;S
20240403;100025;1279.6;1;10029471659;B
20240403;100025;1279.6;1;10029471662;B
20240403;100025;1279.6;1;10029471686;B
20240403;100025;1279.6;5;10029471688;B
20240403;100025;1279.2;250;10029471690;S
20240403;100025;1279.2;1;10029471693;S
20240403;100025;1279.4;10;10029471694;B
20240403;100025;1279.4;20;10029471695;B
20240403;100025;1279.4;5;10029471698;B
20240403;100025;1279.4;1;10029471701;B
20240403;100025;1279.4;5;10029471702;B
20240403;100025;1279.4;1;10029471706;B
20240403;100025;1279.2;5;10029471707;S
20240403;100025;1279.4;2;10029471708;B
20240403;100025;1279.4;1;10029471710;B
20240403;100025;1279.4;1;10029471717;B
20240403;100025;1279.2;30;10029471718;S
20240403;100025;1279.2;701;10029471740;S
20240403;100025;1279.2;1;10029471741;S
20240403;100025;1279.2;62;10029471742;S
20240403;100025;1279;1;10029471743;S
20240403;100025;1279;50;10029471744;S
20240403;100025;1279;1;10029471745;S
20240403;100025;1279;1;10029471746;S
20240403;100025;1279;1;10029471747;S
20240403;100025;1279;1;10029471748;S
20240403;100025;1279;1;10029471749;S
20240403;100025;1279;10;10029471750;S
20240403;100025;1279;50;10029471751;S
20240403;100025;1279;50;10029471752;S
20240403;100025;1279;1;10029471753;S
20240403;100025;1279;10;10029471754;S
20240403;100025;1279;10;10029471755;S
20240403;100025;1279;2;10029471756;S
20240403;100025;1279;1;10029471757;S
20240403;100025;1279;2;10029471758;S
20240403;100025;1279;1;10029471759;S
20240403;100025;1279;1;10029471760;S
20240403;100025;1279;5;10029471761;S
20240403;100025;1279;1;10029471762;S
20240403;100025;1279;3;10029471763;S
20240403;100025;1279;2;10029471764;S
20240403;100025;1279;1;10029471765;S
20240403;100025;1279;30;10029471766;S
20240403;100025;1279;32;10029471767;S
20240403;100025;1279;23;10029471780;S
20240403;100025;1279.2;20;10029471781;B
20240403;100025;1279.2;2;10029471784;B
20240403;100025;1279.2;6;10029471788;B
20240403;100025;1279.2;1;10029471789;B
20240403;100025;1279.2;1;10029471793;B
20240403;100025;1279.2;10;10029471795;B
20240403;100025;1279.2;1;10029471798;B
20240403;100026;1279;4;10029471810;S
20240403;100026;1279.2;1;10029471844;B
20240403;100026;1279.2;1;10029471845;B
20240403;100026;1279.2;1;10029471851;B
20240403;100026;1279.2;1;10029471861;B
20240403;100026;1279.2;1;10029471864;B
20240403;100026;1279.2;4;10029471868;B
20240403;100026;1279.2;7;10029471869;B
20240403;100026;1279.2;5;10029471870;B
20240403;100026;1279.2;20;10029471879;B
20240403;100026;1279;35;10029471880;S
20240403;100026;1278.8;1;10029471881;S
20240403;100026;1278.8;3;10029471882;S
20240403;100026;1278.8;11;10029471883;S
20240403;100026;1279.2;3;10029471887;B
20240403;100026;1279.2;8;10029471892;B
20240403;100026;1278.8;1;10029471908;S
20240403;100026;1278.8;50;10029471917;S
20240403;100026;1278.6;1;10029471918;S
20240403;100026;1278.6;1;10029471919;S
20240403;100026;1278.6;28;10029471920;S
20240403;100026;1279.2;9;10029471950;B
20240403;100026;1279.2;1;10029471953;B
20240403;100026;1279;1;10029471963;B
20240403;100026;1279;3;10029471966;B
20240403;100026;1279;1;10029472012;B
20240403;100026;1279;3;10029472013;B
20240403;100026;1279;1;10029472026;B
20240403;100026;1278.8;2;10029472073;B
20240403;100026;1278.8;1;10029472085;B
20240403;100026;1278.6;2;10029472137;S
20240403;100026;1278.6;32;10029472152;S
20240403;100026;1278.4;1;10029472153;S
20240403;100026;1278.4;1;10029472154;S
20240403;100026;1278.4;1;10029472155;S
20240403;100026;1278.4;11;10029472156;S
20240403;100027;1278.6;51;10029472172;S
20240403;100027;1278.6;11;10029472210;S
20240403;100027;1278.4;9;10029472211;S
20240403;100027;1278.4;62;10029472212;S
20240403;100027;1278.2;1;10029472213;S
20240403;100027;1278.2;1;10029472214;S
20240403;100027;1278.2;16;10029472215;S
20240403;100027;1278.8;1;10029472249;B
20240403;100027;1278.4;6;10029472275;S
20240403;100027;1278.8;1;10029472312;B
20240403;100027;1278.8;1;10029472452;B
20240403;100027;1278.6;20;10029472528;S
20240403;100027;1278.4;56;10029472529;S
20240403;100027;1278.4;140;10029472530;S
20240403;100027;1278.4;25;10029472531;S
20240403;100027;1278.2;759;10029472532;S
20240403;100027;1278.6;50;10029472533;B
20240403;100027;1278.6;50;10029472534;B
20240403;100028;1278.4;10;10029472563;S
20240403;100028;1278.6;1;10029472675;B
20240403;100028;1278.2;100;10029472710;S
20240403;100029;1278.2;2;10029472979;S
20240403;100029;1278.6;2;10029473046;B
20240403;100030;1278.2;144;10029473079;S
20240403;100030;1278.2;40;10029473356;S
20240403;100030;1278.2;1;10029473529;S
20240403;100031;1278.6;2;10029473602;B
20240403;100031;1278.2;40;10029473754;S
20240403;100032;1278.2;15;10029473969;S
20240403;100032;1278.2;600;10029474204;S
20240403;100032;1278.2;24;10029474224;S
20240403;100033;1278.4;10;10029474378;B
20240403;100033;1278.2;4;10029474421;S
20240403;100033;1278.2;255;10029474460;S
20240403;100033;1278.2;50;10029474461;S
20240403;100033;1278.2;62;10029474462;S
20240403;100033;1278;10;10029474463;S
20240403;100033;1278;1;10029474464;S
20240403;100033;1278;10;10029474465;S
20240403;100033;1278;5;10029474466;S
20240403;100033;1278;1;10029474467;S
20240403;100033;1278;1;10029474468;S
20240403;100033;1278;5;10029474469;S
20240403;100033;1278.2;62;10029474515;S
20240403;100033;1278;25;10029474516;S
20240403;100033;1278;50;10029474517;S
20240403;100033;1278;1;10029474518;S
20240403;100033;1278;2;10029474519;S
20240403;100033;1278;1;10029474520;S
20240403;100033;1278;1;10029474521;S
20240403;100033;1278;30;10029474522;S
20240403;100033;1278;1;10029474523;S
20240403;100033;1278;1;10029474524;S
20240403;100033;1278;20;10029474525;S
20240403;100033;1278;2;10029474526;S
20240403;100033;1278;10;10029474527;S
20240403;100033;1278;4;10029474528;S
20240403;100033;1278;1;10029474529;S
20240403;100033;1278;1;10029474530;S
20240403;100033;1278;151;10029474531;S
20240403;100033;1278.2;62;10029474533;S
20240403;100034;1278.4;1;10029474667;B
20240403;100034;1278.2;10;10029474710;S
20240403;100034;1278.2;20;10029474729;S
20240403;100034;1278.2;26;10029474738;S
20240403;100034;1278;99;10029474750;S
20240403;100034;1278;1;10029474751;S
20240403;100034;1278;20;10029474752;S
20240403;100034;1278;1;10029474753;S
20240403;100034;1278;79;10029474754;S
20240403;100034;1278;21;10029474764;S
20240403;100034;1278;37;10029474765;S
20240403;100034;1278;8;10029474775;S
20240403;100034;1278.4;1;10029474800;B
20240403;100034;1278;17;10029474835;S
20240403;100034;1278;1;10029474836;S
20240403;100034;1278;1;10029474837;S
20240403;100034;1278;1;10029474838;S
20240403;100034;1278;1;10029474839;S
20240403;100034;1278;12;10029474840;S
20240403;100034;1278;1;10029474841;S
20240403;100034;1278;2;10029474842;S
20240403;100034;1278;10;10029474843;S
20240403;100034;1278;20;10029474844;S
20240403;100034;1278;2;10029474845;S
20240403;100034;1278;10;10029474846;S
20240403;100034;1278;1;10029474847;S
20240403;100034;1277.8;1;10029474848;S
20240403;100034;1277.8;1;10029474849;S
20240403;100034;1277.8;2;10029474850;S
20240403;100034;1277.8;62;10029474851;S
20240403;100034;1277.6;2;10029474852;S
20240403;100034;1278.2;50;10029474855;B
20240403;100034;1278.2;13;10029474856;B
20240403;100034;1278.2;37;10029474857;B
20240403;100034;1278.2;5;10029474860;B
20240403;100036;1278;14;10029475379;S
20240403;100036;1278.2;5;10029475428;B
20240403;100036;1278.2;2;10029475556;B
20240403;100037;1278.2;10;10029475611;B
20240403;100037;1278;6;10029475616;S
20240403;100037;1278.2;3;10029475729;B
20240403;100037;1278;1;10029475741;S
20240403;100037;1278.2;1;10029475858;B
20240403;100037;1278;1;10029475874;S
20240403;100038;1278.2;5;10029476009;B
20240403;100038;1278.2;1;10029476012;B
20240403;100038;1278.2;17;10029476115;B
20240403;100038;1278.2;6;10029476116;B
20240403;100039;1278.2;1;10029476345;B
20240403;100040;1278;3;10029476809;S
20240403;100040;1278;1;10029476810;S
20240403;100040;1278;3;10029476811;S
20240403;100040;1278;1;10029476812;S
20240403;100040;1278;5;10029476813;S
20240403;100040;1278;8;10029476814;S
20240403;100040;1278;4;10029476815;S
20240403;100041;1278.2;1;10029477201;B
20240403;100042;1278;6;10029477662;S
20240403;100042;1278;1;10029477663;S
20240403;100042;1277.8;1;10029477701;S
20240403;100042;1278;5;10029477775;B
20240403;100042;1278.2;25;10029477776;B
20240403;100043;1278;3;10029478001;S
20240403;100043;1277.8;1;10029478265;S
20240403;100043;1278;2;10029478277;B
20240403;100044;1278;2;10029478494;B
20240403;100045;1277.8;1;10029478839;S
20240403;100045;1277.8;10;10029478840;S
20240403;100045;1277.8;4;10029478841;S
20240403;100045;1277.8;3;10029478897;S
20240403;100045;1277.8;87;10029479005;S
20240403;100045;1277.6;3;10029479006;S
20240403;100045;1277.6;1;10029479007;S
20240403;100045;1277.6;9;10029479008;S
20240403;100045;1277.6;11;10029479072;S
20240403;100045;1277.6;5;10029479073;S
20240403;100045;1277.6;1;10029479074;S
20240403;100045;1277.6;1;10029479075;S
20240403;100045;1277.6;62;10029479076;S
20240403;100045;1277.6;1;10029479077;S
20240403;100045;1277.6;30;10029479078;S
20240403;100045;1277.6;1;10029479079;S
20240403;100045;1277.4;1;10029479080;S
20240403;100045;1277.4;1;10029479081;S
20240403;100045;1277.4;62;10029479082;S
20240403;100045;1277.4;37;10029479083;S
20240403;100045;1277.4;50;10029479084;S
20240403;100045;1277.4;140;10029479085;S
20240403;100045;1277.2;1;10029479086;S
20240403;100045;1277.2;1;10029479087;S
20240403;100045;1277.2;3;10029479088;S
20240403;100045;1277.2;1;10029479089;S
20240403;100045;1277.2;1;10029479090;S
20240403;100045;1277.2;13;10029479091;S
20240403;100045;1277.2;62;10029479092;S
20240403;100045;1277.2;94;10029479093;S
20240403;100045;1277;5;10029479094;S
20240403;100045;1277;1;10029479095;S
20240403;100045;1277;1;10029479096;S
20240403;100045;1277;37;10029479097;S
20240403;100045;1277;1;10029479098;S
20240403;100045;1277;50;10029479099;S
20240403;100045;1277;80;10029479100;S
20240403;100045;1277;3;10029479101;S
20240403;100045;1277;1;10029479102;S
20240403;100045;1277;100;10029479103;S
20240403;100045;1277;1;10029479104;S
20240403;100045;1277;9;10029479105;S
20240403;100045;1277;10;10029479106;S
20240403;100045;1277;100;10029479107;S
20240403;100045;1277;300;10029479108;S
20240403;100045;1277;1;10029479109;S
20240403;100045;1277;1;10029479110;S
20240403;100045;1277;2;10029479111;S
20240403;100045;1277;100;10029479112;S
20240403;100045;1277;30;10029479113;S
20240403;100045;1277;1;10029479114;S
20240403;100045;1277;2;10029479115;S
20240403;100045;1277;1;10029479116;S
20240403;100045;1277;3;10029479117;S
20240403;100045;1277;600;10029479118;S
20240403;100045;1276.8;1;10029479119;S
20240403;100045;1276.6;5;10029479120;S
20240403;100045;1276.6;1;10029479121;S
20240403;100045;1276.6;3;10029479122;S
20240403;100045;1276.4;600;10029479123;S
20240403;100045;1276.2;2;10029479124;S
20240403;100045;1276.2;15;10029479125;S
20240403;100045;1276.2;1;10029479126;S
20240403;100045;1276.2;156;10029479127;S
20240403;100045;1276;1;10029479128;S
20240403;100045;1276;196;10029479129;S
20240403;100046;1277;1;10029479197;B
20240403;100046;1276.8;9;10029479256;B
20240403;100046;1277;12;10029479257;B
20240403;100046;1277;50;10029479258;B
20240403;100046;1277;29;10029479259;B
20240403;100046;1277;1;10029479260;B
20240403;100046;1277;10;10029479273;B
20240403;100046;1277;3;10029479274;B
20240403;100046;1276.6;8;10029479275;S
20240403;100046;1277;1;10029479276;B
20240403;100046;1277;4;10029479280;B
20240403;100046;1277;6;10029479281;B
20240403;100046;1276.6;1;10029479283;S
20240403;100046;1277.2;1;10029479284;B
20240403;100046;1277.2;1;10029479297;B
20240403;100046;1277;1;10029479333;S
20240403;100046;1277;3;10029479334;S
20240403;100046;1276.6;53;10029479335;S
20240403;100046;1276.4;94;10029479336;S
20240403;100046;1276.4;49;10029479337;S
20240403;100046;1276.6;20;10029479350;S
20240403;100046;1276.8;1;10029479379;B
20240403;100046;1276.4;4;10029479390;S
20240403;100046;1276.4;4;10029479408;S
20240403;100046;1276.4;24;10029479414;S
20240403;100046;1276.4;1;10029479492;S
20240403;100046;1276.8;5;10029479500;B
20240403;100047;1276.4;61;10029479533;S
20240403;100047;1276.2;17;10029479534;S
20240403;100047;1276.8;1;10029479535;B
20240403;100047;1276.8;5;10029479545;B
20240403;100047;1276.8;1;10029479552;B
20240403;100047;1276.4;52;10029479553;S
20240403;100047;1276.8;2;10029479558;B
20240403;100047;1276.8;1;10029479560;B
20240403;100047;1276.8;50;10029479563;B
20240403;100047;1276.8;1;10029479574;B
20240403;100047;1276.8;11;10029479575;B
20240403;100047;1276.8;3;10029479577;B
20240403;100047;1276.8;5;10029479611;B
20240403;100047;1276.6;1;10029479688;S
20240403;100047;1276.6;4;10029479689;S
20240403;100047;1276.8;2;10029479718;B
20240403;100048;1276.6;14;10029479925;S
20240403;100048;1276.6;6;10029479926;S
20240403;100048;1276.4;180;10029479927;S
20240403;100048;1276.4;35;10029480053;S
20240403;100048;1276.4;40;10029480060;S
20240403;100048;1276.4;245;10029480080;S
20240403;100048;1276.2;5;10029480081;S
20240403;100048;1276.2;2;10029480112;S
20240403;100048;1276.4;1;10029480131;B
20240403;100048;1276.6;1;10029480132;B
20240403;100049;1276.6;20;10029480339;B
20240403;100049;1276.2;3;10029480480;S
20240403;100049;1276.2;1;10029480481;S
20240403;100049;1276;4;10029480482;S
20240403;100049;1276;7;10029480483;S
20240403;100050;1276.6;13;10029480853;B
20240403;100050;1276.6;37;10029480854;B
20240403;100050;1276.2;70;10029480888;S
20240403;100050;1276.4;2;10029480904;B
20240403;100050;1276.4;48;10029480935;B
20240403;100050;1276.6;13;10029480936;B
20240403;100050;1276.6;134;10029480937;B
20240403;100050;1276.6;220;10029480938;B
20240403;100050;1276.8;122;10029480939;B
20240403;100050;1276.8;463;10029480940;B
20240403;100051;1276.4;43;10029481001;S
20240403;100051;1276.4;7;10029481029;S
20240403;100051;1276.2;18;10029481030;S
20240403;100051;1276.6;2;10029481064;B
20240403;100051;1276.8;48;10029481065;B
20240403;100051;1276.6;50;10029481066;S
20240403;100051;1276.4;13;10029481067;S
20240403;100051;1276.4;220;10029481068;S
20240403;100051;1276.2;62;10029481069;S
20240403;100051;1276.2;141;10029481070;S
20240403;100051;1276.2;94;10029481071;S
20240403;100051;1276.2;156;10029481072;S
20240403;100051;1276;3;10029481073;S
20240403;100051;1276;1;10029481074;S
20240403;100051;1276;10;10029481075;S
20240403;100051;1276;39;10029481076;S
20240403;100051;1276;1;10029481077;S
20240403;100051;1276;5;10029481078;S
20240403;100051;1276;1;10029481079;S
20240403;100051;1276;1;10029481080;S
20240403;100051;1276;1;10029481081;S
20240403;100051;1276;1;10029481082;S
20240403;100051;1276;201;10029481083;S
20240403;100051;1277;13;10029481151;B
20240403;100051;1277.2;62;10029481152;B
20240403;100052;1276.8;10;10029481395;S
20240403;100052;1277.2;1;10029481412;B
20240403;100052;1277.2;11;10029481422;B
20240403;100053;1277;3;10029481450;B
20240403;100053;1277;1;10029481512;B
20240403;100053;1276.8;23;10029481538;S
20240403;100053;1276.8;5;10029481566;S
20240403;100053;1277;3;10029481567;B
20240403;100053;1277;20;10029481571;B
20240403;100053;1277.4;140;10029481572;B
20240403;100053;1277.6;62;10029481573;B
20240403;100053;1277.6;50;10029481574;B
20240403;100053;1277.8;16;10029481575;B
20240403;100053;1277.8;12;10029481576;B
20240403;100053;1277;50;10029481677;S
20240403;100053;1276.8;124;10029481678;S
20240403;100053;1277;17;10029481688;S
20240403;100054;1277.8;7;10029481871;B
20240403;100054;1277;29;10029481914;S
20240403;100054;1277;100;10029481929;S
20240403;100054;1277.8;1;10029482100;B
20240403;100054;1277;1;10029482172;B
20240403;100055;1277;1;10029482183;B
20240403;100055;1277;15;10029482184;B
20240403;100055;1277;3;10029482221;B
20240403;100055;1277;1;10029482445;S
20240403;100055;1276.8;94;10029482446;S
20240403;100055;1276.8;10;10029482447;S
20240403;100055;1276.6;13;10029482448;S
20240403;100055;1276.6;10;10029482449;S
20240403;100055;1276.6;42;10029482450;S
20240403;100056;1277.4;1;10029482547;B
20240403;100056;1277.4;8;10029482557;B
20240403;100056;1276.8;16;10029482604;S
20240403;100056;1277.4;4;10029482654;B
20240403;100056;1277.6;96;10029482655;B
20240403;100056;1277.8;5;10029482696;B
20240403;100056;1277.4;75;10029482864;S
20240403;100056;1277.8;2;10029482865;B
20240403;100057;1277.2;2;10029482937;S
20240403;100057;1277.2;10;10029482986;S
20240403;100057;1277.2;1;10029482997;S
20240403;100057;1276.8;5;10029482998;S
20240403;100058;1277.6;2;10029483183;B
20240403;100058;1277.8;3;10029483184;B
20240403;100058;1277.6;11;10029483242;B
20240403;100058;1277.8;12;10029483243;B
20240403;100058;1277;8;10029483325;S
20240403;100058;1277;5;10029483330;S
20240403;100058;1277;140;10029483331;S
20240403;100058;1276.8;45;10029483332;S
20240403;100058;1276.6;8;10029483333;S
20240403;100058;1276.6;2;10029483334;S
20240403;100058;1276.6;4;10029483335;S
20240403;100058;1277.2;5;10029483338;B
20240403;100059;1276.6;44;10029483491;S
20240403;100059;1276.4;62;10029483492;S
20240403;100059;1276.4;45;10029483493;S
20240403;100059;1276.4;13;10029483494;S
20240403;100059;1276.2;62;10029483495;S
20240403;100059;1276.2;74;10029483496;S
20240403;100059;1276.8;20;10029483590;B
20240403;100059;1276.8;1;10029483626;B
20240403;100059;1276.8;4;10029483654;B
20240403;100100;1276.2;144;10029483724;S
20240403;100100;1276.2;13;10029483840;S
20240403;100100;1276.6;1;10029483954;B
20240403;100100;1276.2;21;10029483957;S
20240403;100100;1276.2;40;10029483958;S
20240403;100100;1276;299;10029483959;S
20240403;100100;1276;2;10029483960;S
20240403;100100;1276;1;10029483961;S
20240403;100100;1276;1;10029483962;S
20240403;100100;1276;20;10029483963;S
20240403;100100;1276;20;10029483964;S
20240403;100100;1276;1;10029483965;S
20240403;100100;1276;1;10029483966;S
20240403;100100;1276;10;10029483967;S
20240403;100100;1276;1;10029483968;S
20240403;100100;1276;200;10029483969;S
20240403;100100;1276;100;10029483970;S
20240403;100100;1276;200;10029483971;S
20240403;100100;1276;10;10029483972;S
20240403;100100;1276;1;10029483973;S
20240403;100100;1276;3;10029483974;S
20240403;100100;1276;69;10029483976;B
20240403;100100;1276.2;5;10029483978;B
20240403;100101;1276.2;8;10029484207;B
20240403;100101;1276.2;50;10029484208;B
20240403;100101;1276.4;39;10029484209;B
20240403;100101;1276.6;3;10029484210;B
20240403;100101;1276.4;40;10029484393;B
20240403;100102;1276.2;94;10029484561;S
20240403;100102;1276.2;780;10029484562;S
20240403;100102;1276;31;10029484563;S
20240403;100102;1276;95;10029484564;S
20240403;100102;1276.4;1;10029484664;B
20240403;100103;1276.4;1;10029484772;B
20240403;100103;1276.4;1;10029484853;B
20240403;100103;1276.4;1;10029484869;B
20240403;100104;1276.2;3;10029485109;S
20240403;100104;1276.4;5;10029485253;B
20240403;100104;1276.2;27;10029485381;S
20240403;100104;1276.2;2;10029485382;S
20240403;100104;1276;5;10029485383;S
20240403;100104;1276;1;10029485384;S
20240403;100104;1276;39;10029485385;S
20240403;100104;1276;5;10029485432;B
20240403;100105;1276;700;10029485509;B
20240403;100105;1276;1;10029485544;B
20240403;100105;1275.8;1;10029485601;S
20240403;100105;1275.8;1;10029485602;S
20240403;100105;1276;50;10029485620;B
20240403;100105;1276;50;10029485652;B
20240403;100105;1275.8;12;10029485674;S
20240403;100105;1276;10;10029485733;B
20240403;100105;1276;15;10029485745;B
20240403;100106;1276;50;10029485851;B
20240403;100106;1276;1;10029485907;B
20240403;100106;1276;1;10029485991;B
20240403;100107;1276;3;10029486019;B
20240403;100107;1275.8;43;10029486022;S
20240403;100107;1276;5;10029486052;B
20240403;100107;1276;1;10029486142;B
20240403;100107;1276;10;10029486143;B
20240403;100107;1276;5;10029486236;B
20240403;100108;1276;5;10029486534;B
20240403;100108;1276;1;10029486618;B
20240403;100108;1276;13;10029486645;B
20240403;100108;1276.2;12;10029486646;B
20240403;100108;1276.6;4;10029486647;B
20240403;100109;1276.2;28;10029486843;S
20240403;100110;1276;38;10029486999;S
20240403;100110;1276;50;10029487000;S
20240403;100110;1275.8;2;10029487001;S
20240403;100110;1275.8;21;10029487002;S
20240403;100110;1276.6;1;10029487078;B
20240403;100110;1275.8;5;10029487247;S
20240403;100111;1275.8;1;10029487339;S
20240403;100112;1276.2;2;10029487617;B
20240403;100112;1276;200;10029487661;S
20240403;100112;1275.8;129;10029487662;S
20240403;100112;1275.8;5;10029487663;S
20240403;100112;1275.8;76;10029487664;S
20240403;100112;1276.2;10;10029487722;B
20240403;100113;1276.2;25;10029487883;B
20240403;100113;1276.2;2;10029487898;B
20240403;100113;1276.4;2;10029487899;B
20240403;100114;1276.4;5;10029488156;B
20240403;100114;1276.4;5;10029488265;B
20240403;100115;1276.2;9;10029488397;S
20240403;100115;1276.4;3;10029488418;B
20240403;100115;1276.4;51;10029488569;B
20240403;100115;1276.2;10;10029488575;S
20240403;100115;1276.2;1;10029488623;S
20240403;100116;1276.2;35;10029488722;S
20240403;100116;1276.4;3;10029488735;B
20240403;100116;1276.6;8;10029488737;B
20240403;100116;1276.6;12;10029488738;B
20240403;100116;1276.6;25;10029488804;B
20240403;100116;1276.6;3;10029488859;B
20240403;100116;1276.6;2;10029488884;B
20240403;100116;1276.6;958;10029488894;B
20240403;100116;1276.6;42;10029488895;B
20240403;100117;1276.6;3;10029489028;B
20240403;100117;1276.4;250;10029489032;S
20240403;100117;1276.4;38;10029489033;S
20240403;100117;1276.4;50;10029489034;S
20240403;100117;1276.4;94;10029489035;S
20240403;100117;1276.2;156;10029489036;S
20240403;100117;1276;30;10029489037;S
20240403;100117;1276;382;10029489038;S
20240403;100117;1276.2;1;10029489069;S
20240403;100117;1276.2;39;10029489126;S
20240403;100118;1276.6;5;10029489295;B
20240403;100118;1276.6;25;10029489363;B
20240403;100118;1276.6;3;10029489370;B
20240403;100119;1276.4;27;10029489462;S
20240403;100119;1276.4;1;10029489482;S
20240403;100119;1276.6;1;10029489546;B
20240403;100119;1276.6;5;10029489566;B
20240403;100119;1276.6;1;10029489590;B
20240403;100120;1276.4;17;10029489674;S
20240403;100120;1276.4;27;10029489682;S
20240403;100120;1276.4;4;10029489772;S
20240403;100120;1276.4;24;10029489787;S
20240403;100120;1276.4;26;10029489788;S
20240403;100121;1276.6;7;10029489966;B
20240403;100121;1276.8;222;10029489967;B
20240403;100121;1276.8;8;10029489968;B
20240403;100121;1276.8;38;10029489969;B
20240403;100121;1277;13;10029489970;B
20240403;100121;1277;141;10029489971;B
20240403;100121;1277.2;62;10029489972;B
20240403;100121;1277.2;50;10029489973;B
20240403;100121;1277.4;62;10029489974;B
20240403;100121;1277.6;3;10029489975;B
20240403;100121;1277.6;220;10029489976;B
20240403;100121;1277.6;62;10029489977;B
20240403;100121;1277.8;10;10029489978;B
20240403;100121;1277.8;102;10029489979;B
20240403;100121;1277.6;35;10029490003;B
20240403;100122;1277.6;27;10029490141;B
20240403;100122;1277.6;141;10029490142;B
20240403;100122;1277.8;132;10029490143;B
20240403;100122;1277;25;10029490197;S
20240403;100122;1277.6;1;10029490216;B
20240403;100122;1277.6;1;10029490290;B
20240403;100123;1277;1;10029490390;S
20240403;100123;1277.6;100;10029490391;B
20240403;100123;1277.6;38;10029490502;B
20240403;100123;1277.8;162;10029490503;B
20240403;100124;1277.2;1;10029490636;S
20240403;100124;1277.6;3;10029490665;B
20240403;100125;1277.6;5;10029490824;B
20240403;100125;1277.2;9;10029490921;S
20240403;100125;1277;1;10029490995;S
20240403;100126;1277;11;10029491021;S
20240403;100126;1277;2;10029491045;S
20240403;100126;1277.6;100;10029491131;B
20240403;100126;1277.6;9;10029491137;B
20240403;100126;1277;37;10029491273;S
20240403;100127;1277;200;10029491301;B
20240403;100127;1277;10;10029491416;B
20240403;100127;1277;5;10029491422;B
20240403;100128;1277;1;10029491667;B
20240403;100128;1277;5;10029491795;B
20240403;100129;1277;17;10029491919;B
20240403;100129;1276.8;2;10029491925;S
20240403;100129;1276.8;2;10029491933;S
20240403;100130;1276.8;144;10029492039;S
20240403;100130;1277;15;10029492197;B
20240403;100131;1276.8;2;10029492321;S
20240403;100131;1277;10;10029492368;B
20240403;100131;1277.2;20;10029492369;B
20240403;100131;1277.4;6;10029492370;B
20240403;100131;1277.6;37;10029492371;B
20240403;100131;1277.8;17;10029492372;B
20240403;100131;1277;4;10029492383;S
20240403;100131;1277.4;1;10029492445;B
20240403;100131;1277.4;5;10029492490;B
20240403;100131;1277.8;25;10029492491;B
20240403;100131;1277.8;6;10029492504;B
20240403;100132;1277.4;6;10029492558;S
20240403;100132;1277.4;6;10029492576;S
20240403;100133;1277.4;82;10029492770;S
20240403;100133;1277.4;50;10029492771;S
20240403;100133;1277.2;48;10029492772;S
20240403;100133;1277.8;5;10029492802;B
20240403;100133;1277.8;10;10029492811;B
20240403;100134;1277.8;50;10029493143;B
20240403;100135;1277.8;5;10029493382;B
20240403;100136;1277.8;20;10029493410;B
20240403;100138;1277.6;6;10029493885;S
20240403;100138;1277.8;50;10029493985;B
20240403;100139;1277.8;19;10029494065;B
20240403;100140;1277.8;10;10029494229;B
20240403;100141;1277.8;100;10029494538;B
20240403;100141;1277.8;20;10029494583;B
20240403;100141;1277.8;67;10029494637;B
20240403;100141;1277.8;16;10029494638;B
20240403;100141;1277.8;15;10029494639;B
20240403;100141;1277.8;2;10029494640;B
20240403;100141;1277.8;1;10029494660;B
20240403;100141;1278.2;2;10029494661;B
20240403;100142;1278;140;10029494749;S
20240403;100142;1278;36;10029494750;S
20240403;100142;1278;50;10029494751;S
20240403;100142;1277.8;10;10029494752;S
20240403;100142;1277.6;4;10029494757;S
20240403;100142;1277.6;8;10029494758;S
20240403;100142;1277.8;1;10029494769;B
20240403;100142;1277.6;42;10029494857;S
20240403;100142;1277.6;140;10029494858;S
20240403;100142;1277.4;84;10029494859;S
20240403;100142;1277.4;34;10029494860;S
20240403;100143;1277.8;13;10029495088;B
20240403;100144;1277.4;50;10029495119;S
20240403;100144;1277.4;43;10029495120;S
20240403;100144;1277.4;7;10029495121;S
20240403;100144;1277.4;2;10029495144;S
20240403;100144;1277.8;1;10029495220;B
20240403;100144;1277.8;5;10029495225;B
20240403;100144;1277.6;5;10029495275;B
20240403;100145;1277.6;1;10029495315;B
20240403;100145;1277.4;15;10029495398;S
20240403;100146;1277.6;4;10029495620;B
20240403;100146;1277.8;1;10029495621;B
20240403;100146;1277.6;10;10029495717;B
20240403;100147;1277.4;1;10029495763;S
20240403;100147;1277.4;28;10029495764;S
20240403;100147;1277.4;36;10029495765;S
20240403;100147;1277.2;1;10029495766;S
20240403;100147;1277.2;1;10029495767;S
20240403;100147;1277.2;8;10029495768;S
20240403;100148;1277.6;50;10029495967;B
20240403;100148;1277.8;443;10029495968;B
20240403;100148;1277.8;140;10029495969;B
20240403;100148;1277.8;50;10029495970;B
20240403;100148;1277.8;36;10029495971;B
20240403;100148;1278.2;38;10029496113;B
20240403;100148;1278.2;5;10029496114;B
20240403;100148;1278.6;62;10029496115;B
20240403;100148;1278.6;1;10029496116;B
20240403;100148;1278.6;94;10029496117;B
20240403;100148;1278.2;17;10029496118;S
20240403;100148;1278;73;10029496119;S
20240403;100150;1278.6;1;10029496505;B
20240403;100151;1278.6;5;10029496650;B
20240403;100152;1278.2;2;10029496706;S
20240403;100152;1278.2;1;10029496727;S
20240403;100152;1278.2;1;10029496732;S
20240403;100154;1278.6;6;10029497348;B
20240403;100155;1278.2;152;10029497540;S
20240403;100155;1278.2;50;10029497541;S
20240403;100155;1278.2;35;10029497542;S
20240403;100155;1278;125;10029497543;S
20240403;100156;1278.6;50;10029497599;B
20240403;100156;1278.8;9;10029497600;B
20240403;100156;1278.8;141;10029497601;B
20240403;100156;1278.8;40;10029497748;B
20240403;100158;1278.8;2;10029498034;B
20240403;100158;1278.6;1;10029498101;S
20240403;100158;1278.6;3;10029498102;S
20240403;100159;1278.8;1;10029498124;B
20240403;100200;1278.4;50;10029498523;S
20240403;100200;1278.4;95;10029498524;S
20240403;100200;1278.4;25;10029498591;S
20240403;100200;1278.8;1;10029498636;B
20240403;100200;1278.8;15;10029498701;B
20240403;100200;1278.8;20;10029498702;B
20240403;100200;1279;2;10029498703;B
20240403;100200;1279;15;10029498704;B
20240403;100200;1279;35;10029498705;B
20240403;100201;1279;1;10029498802;S
20240403;100202;1279.2;5;10029499112;B
20240403;100203;1279;39;10029499192;S
20240403;100203;1279;143;10029499195;S
20240403;100203;1279;57;10029499196;S
20240403;100203;1279;1;10029499271;S
20240403;100205;1279;2;10029499584;S
20240403;100205;1279;28;10029499585;S
20240403;100205;1278.8;11;10029499589;S
20240403;100206;1279.2;1;10029499797;B
20240403;100206;1279.2;1;10029499803;B
20240403;100206;1279;1;10029499870;B
20240403;100206;1279;1;10029499871;B
20240403;100206;1279;1;10029499928;B
20240403;100207;1279;1;10029500032;B
20240403;100207;1279;1;10029500078;B
20240403;100207;1278.8;10;10029500095;S
20240403;100207;1279;2;10029500098;B
20240403;100208;1279;1;10029500156;S
20240403;100208;1279;4;10029500157;S
20240403;100208;1279;1;10029500162;S
20240403;100208;1279.2;1;10029500169;B
20240403;100208;1279.2;1;10029500187;B
20240403;100208;1279.2;1;10029500265;B
20240403;100208;1278.8;4;10029500271;S
20240403;100208;1279.2;10;10029500288;B
20240403;100209;1279.2;1;10029500316;B
20240403;100209;1279.2;1;10029500317;B
20240403;100209;1279.2;2;10029500322;B
20240403;100209;1279.2;9;10029500352;B
20240403;100209;1279;1;10029500423;B
20240403;100209;1279;1;10029500444;B
20240403;100209;1278.8;5;10029500536;S
20240403;100210;1279;1;10029500578;B
20240403;100210;1279;1;10029500586;B
20240403;100210;1279;2;10029500587;B
20240403;100210;1279;1;10029500589;B
20240403;100210;1279;1;10029500590;B
20240403;100210;1279;1;10029500592;B
20240403;100210;1279;4;10029500627;B
20240403;100210;1278.8;10;10029500697;S
20240403;100210;1279;1;10029500702;B
20240403;100211;1278.8;1;10029500904;S
20240403;100212;1279;10;10029501080;B
20240403;100212;1279;1;10029501187;B
20240403;100213;1279;1;10029501215;B
20240403;100213;1279;5;10029501303;B
20240403;100213;1279;5;10029501322;B
20240403;100213;1279;4;10029501374;B
20240403;100214;1279;1;10029501419;B
20240403;100214;1279;32;10029501528;B
20240403;100214;1279;5;10029501529;B
20240403;100214;1279;10;10029501530;B
20240403;100214;1279.2;3;10029501531;B
20240403;100215;1279;1;10029501567;S
20240403;100215;1279.2;26;10029501570;B
20240403;100215;1279.2;1;10029501571;B
20240403;100215;1279.4;7;10029501572;B
20240403;100215;1279.4;10;10029501573;B
20240403;100215;1279.4;6;10029501574;B
20240403;100215;1279;10;10029501596;S
20240403;100215;1279.4;1;10029501636;B
20240403;100215;1279.4;1;10029501637;B
20240403;100216;1279;1;10029501768;S
20240403;100216;1279.4;10;10029501797;B
20240403;100217;1279.4;3;10029501951;B
20240403;100217;1279;39;10029501980;S
20240403;100217;1279;60;10029501981;S
20240403;100217;1279;6;10029501982;S
20240403;100217;1279;1;10029501983;S
20240403;100217;1279;35;10029501984;S
20240403;100217;1278.8;79;10029501985;S
20240403;100218;1279;156;10029502061;S
20240403;100218;1278.8;344;10029502062;S
20240403;100219;1279.2;1;10029502533;S
20240403;100220;1279.4;1;10029502585;B
20240403;100220;1279.2;4;10029502662;S
20240403;100220;1279.2;2;10029502663;S
20240403;100222;1279;156;10029502995;S
20240403;100222;1279;10;10029502996;S
20240403;100222;1278.8;156;10029502997;S
20240403;100222;1278.8;10;10029502998;S
20240403;100222;1278.8;34;10029502999;S
20240403;100222;1278.8;60;10029503000;S
20240403;100222;1278.8;2;10029503001;S
20240403;100222;1278.8;10;10029503002;S
20240403;100222;1278.6;13;10029503003;S
20240403;100222;1278.6;111;10029503004;S
20240403;100222;1278.6;2;10029503005;S
20240403;100222;1278.6;5;10029503006;S
20240403;100222;1278.6;1;10029503007;S
20240403;100222;1278.6;30;10029503008;S
20240403;100222;1278.6;1;10029503009;S
20240403;100222;1278.6;83;10029503010;S
20240403;100222;1278.6;50;10029503011;S
20240403;100222;1278.4;5;10029503012;S
20240403;100222;1278.4;25;10029503013;S
20240403;100222;1278.4;307;10029503014;S
20240403;100222;1278.4;140;10029503015;S
20240403;100222;1278.2;3;10029503016;S
20240403;100222;1278.2;20;10029503017;S
20240403;100222;1278.2;300;10029503018;S
20240403;100222;1278;83;10029503019;S
20240403;100222;1278;1;10029503020;S
20240403;100222;1278;62;10029503021;S
20240403;100222;1278;1;10029503022;S
20240403;100222;1278;1;10029503023;S
20240403;100222;1277.8;30;10029503024;S
20240403;100222;1277.8;81;10029503025;S
20240403;100222;1277.8;45;10029503026;S
20240403;100222;1277.8;2;10029503027;S
20240403;100222;1277.8;3;10029503028;S
20240403;100222;1277.8;62;10029503029;S
20240403;100222;1277.8;95;10029503030;S
20240403;100222;1278.8;2;10029503066;B
20240403;100223;1278.8;1;10029503256;B
20240403;100223;1278.8;1;10029503323;B
20240403;100223;1278.8;9;10029503350;B
20240403;100223;1279;1;10029503351;B
20240403;100223;1279;1;10029503372;B
20240403;100224;1279;10;10029503499;B
20240403;100225;1279;2;10029503597;B
20240403;100226;1279;1;10029503821;B
20240403;100226;1279;5;10029503827;B
20240403;100226;1278.8;1;10029504089;S
20240403;100226;1278.8;5;10029504090;S
20240403;100227;1279;2;10029504138;B
20240403;100227;1279;1;10029504139;B
20240403;100227;1279;10;10029504331;B
20240403;100228;1278.8;2;10029504429;S
20240403;100228;1278.6;7;10029504430;S
20240403;100228;1278.6;21;10029504440;S
20240403;100228;1278.6;40;10029504598;S
20240403;100228;1279;1;10029504619;B
20240403;100229;1279;50;10029504680;B
20240403;100229;1279;69;10029504822;S
20240403;100229;1279;33;10029504823;S
20240403;100229;1279;50;10029504824;S
20240403;100229;1279;1;10029504825;S
20240403;100230;1278.6;144;10029504834;S
20240403;100230;1278.6;10;10029504858;S
20240403;100230;1279;1;10029504907;B
20240403;100230;1279;3;10029504948;B
20240403;100232;1278.8;1;10029505360;B
20240403;100232;1278.8;2;10029505367;B
20240403;100232;1278.6;4;10029505409;S
20240403;100233;1278.8;3;10029505465;B
20240403;100233;1278.6;6;10029505591;S
20240403;100233;1279;1;10029505628;B
20240403;100236;1279;171;10029506114;B
20240403;100236;1279;62;10029506115;B
20240403;100236;1279;10;10029506116;B
20240403;100236;1279;100;10029506117;B
20240403;100236;1279;6;10029506118;B
20240403;100236;1279;50;10029506119;B
20240403;100236;1279;40;10029506135;S
20240403;100237;1279.2;2;10029506164;B
20240403;100238;1279;30;10029506355;S
20240403;100238;1279.2;1;10029506361;B
20240403;100238;1279.2;1;10029506401;B
20240403;100238;1279;20;10029506434;S
20240403;100238;1279.2;58;10029506454;B
20240403;100238;1279.2;50;10029506455;B
20240403;100238;1279.2;192;10029506456;B
20240403;100238;1279.2;1;10029506672;B
20240403;100238;1279.2;2;10029506913;B
20240403;100239;1279;11;10029507055;S
20240403;100239;1279;33;10029507056;S
20240403;100239;1279;10;10029507057;S
20240403;100239;1279;2;10029507058;S
20240403;100239;1278.8;60;10029507059;S
20240403;100239;1278.6;63;10029507060;S
20240403;100239;1278.4;16;10029507061;S
20240403;100239;1278.4;13;10029507062;S
20240403;100239;1278.4;140;10029507063;S
20240403;100239;1278.2;1;10029507064;S
20240403;100239;1278.2;48;10029507065;S
20240403;100240;1278.2;13;10029507534;S
20240403;100240;1278.2;32;10029507535;S
20240403;100240;1278.2;16;10029507536;S
20240403;100240;1278.2;1;10029507563;S
20240403;100240;1278.6;53;10029507677;B
20240403;100240;1278.8;61;10029507678;B
20240403;100240;1278.8;33;10029507679;B
20240403;100240;1278.8;50;10029507680;B
20240403;100240;1279;13;10029507681;B
20240403;100240;1279;90;10029507682;B
20240403;100242;1278.2;43;10029507978;S
20240403;100242;1278.2;16;10029507979;S
20240403;100242;1278.2;41;10029507980;S
20240403;100242;1278.8;13;10029508023;B
20240403;100242;1279;50;10029508024;B
20240403;100242;1279;156;10029508025;B
20240403;100242;1279;9;10029508026;B
20240403;100242;1279;41;10029508027;B
20240403;100242;1279.2;305;10029508028;B
20240403;100242;1279.2;62;10029508029;B
20240403;100242;1279.2;140;10029508030;B
20240403;100242;1279.2;33;10029508031;B
20240403;100242;1279.4;40;10029508032;B
20240403;100242;1279.4;1;10029508033;B
20240403;100242;1279.4;94;10029508034;B
20240403;100242;1279.6;10;10029508035;B
20240403;100242;1279.6;145;10029508036;B
20240403;100242;1279.4;5;10029508093;B
20240403;100243;1279.2;10;10029508220;S
20240403;100243;1279;7;10029508225;S
20240403;100244;1279;5;10029508292;S
20240403;100244;1279.4;2;10029508343;B
20240403;100244;1279.2;10;10029508409;S
20240403;100244;1279;2;10029508425;S
20240403;100244;1279;46;10029508426;S
20240403;100244;1279;5;10029508427;S
20240403;100244;1279;49;10029508500;B
20240403;100244;1279.2;354;10029508501;B
20240403;100244;1279.2;50;10029508502;B
20240403;100244;1279.2;32;10029508503;B
20240403;100244;1279.4;55;10029508504;B
20240403;100244;1279.6;623;10029508505;B
20240403;100244;1279.6;62;10029508506;B
20240403;100244;1279.6;94;10029508507;B
20240403;100244;1279.8;15;10029508508;B
20240403;100244;1279.8;10;10029508509;B
20240403;100244;1279.8;1;10029508510;B
20240403;100244;1279.8;62;10029508511;B
20240403;100244;1279.8;93;10029508512;B
20240403;100247;1279.8;3;10029509279;B
20240403;100248;1279.6;8;10029509417;S
20240403;100248;1279.4;12;10029509418;S
20240403;100248;1279.2;10;10029509525;S
20240403;100249;1279.8;5;10029509553;B
20240403;100249;1279.8;50;10029509615;B
20240403;100251;1279.2;84;10029509950;S
20240403;100251;1279.2;4;10029509951;S
20240403;100251;1279.2;60;10029509952;S
20240403;100251;1279.2;32;10029509953;S
20240403;100251;1279;3;10029509954;S
20240403;100251;1279;50;10029509955;S
20240403;100251;1278.8;1;10029509956;S
20240403;100251;1278.8;13;10029509957;S
20240403;100251;1278.6;55;10029509958;S
20240403;100252;1279;4;10029510113;B
20240403;100253;1279;1;10029510288;B
20240403;100253;1278.8;3;10029510446;S
20240403;100254;1278.8;100;10029510653;S
20240403;100255;1278.8;4;10029510728;S
20240403;100255;1279;5;10029510836;B
20240403;100255;1279;2;10029510858;B
20240403;100256;1278.8;2;10029510921;S
20240403;100257;1279;3;10029511117;B
20240403;100257;1279.2;5;10029511166;B
20240403;100257;1278.6;2;10029511237;S
20240403;100258;1278.6;3;10029511452;S
20240403;100258;1278.6;2;10029511453;S
20240403;100258;1278.6;7;10029511454;S
20240403;100259;1279.6;1;10029511561;B
20240403;100300;1279;8;10029511632;S
20240403;100300;1279;1;10029511633;S
20240403;100300;1279;31;10029511634;S
20240403;100300;1278.8;104;10029511635;S
20240403;100300;1279;1;10029511707;S
20240403;100300;1278.8;16;10029511708;S
20240403;100300;1279.2;5;10029511756;B
20240403;100301;1279;2;10029511951;S
20240403;100301;1279;1;10029512065;B
20240403;100302;1278.6;13;10029512224;S
20240403;100302;1278.6;31;10029512225;S
20240403;100302;1278.4;11;10029512226;S
20240403;100303;1278.8;10;10029512346;B
20240403;100303;1278.6;10;10029512447;B
20240403;100304;1278.4;51;10029512593;S
20240403;100304;1278.4;1;10029512594;S
20240403;100304;1278.2;48;10029512595;S
20240403;100304;1278.4;31;10029512665;S
20240403;100305;1278.4;2;10029512849;B
20240403;100305;1278.4;7;10029512879;B
20240403;100306;1278.2;14;10029512991;S
20240403;100306;1278.2;6;10029512992;S
20240403;100307;1278.4;1;10029513119;B
20240403;100307;1278.4;1;10029513124;B
20240403;100307;1278.4;1;10029513183;B
20240403;100307;1278.4;1;10029513220;B
20240403;100308;1278.2;4;10029513303;S
20240403;100308;1278.2;296;10029513304;S
20240403;100308;1278.4;13;10029513313;B
20240403;100308;1278.4;1;10029513327;B
20240403;100308;1278.4;4;10029513338;B
20240403;100309;1278.4;77;10029513420;B
20240403;100309;1278.4;1;10029513502;B
20240403;100309;1278.4;9;10029513503;B
20240403;100309;1278.4;6;10029513529;B
20240403;100309;1278.6;2;10029513530;B
20240403;100310;1278.6;9;10029513903;B
20240403;100310;1278.8;1;10029513904;B
20240403;100311;1278.4;1;10029514043;S
20240403;100312;1278.6;1;10029514233;B
20240403;100312;1278.4;9;10029514245;S
20240403;100312;1278.4;11;10029514246;S
20240403;100313;1278.2;6;10029514527;S
20240403;100313;1278.4;1;10029514589;B
20240403;100314;1278.2;1;10029514619;S
20240403;100314;1278.4;4;10029514887;B
20240403;100316;1278.4;1;10029515240;B
20240403;100317;1278.6;1;10029515338;B
20240403;100317;1278.4;98;10029515401;S
20240403;100317;1278.4;1;10029515431;S
20240403;100317;1278.4;9;10029515432;S
20240403;100317;1278.6;1;10029515438;B
20240403;100318;1278.6;8;10029515564;B
20240403;100318;1278.6;25;10029515620;B
20240403;100319;1278.4;5;10029515893;S
20240403;100319;1278.4;1;10029515894;S
20240403;100319;1278.4;107;10029515895;S
20240403;100319;1278.2;37;10029515896;S
20240403;100321;1278.4;30;10029516305;B
20240403;100321;1278.4;12;10029516316;B
20240403;100322;1278.2;1;10029516503;S
20240403;100323;1278.4;1;10029516689;B
20240403;100324;1278.2;9;10029516795;S
20240403;100324;1278.4;22;10029516801;B
20240403;100324;1278.2;450;10029517159;S
20240403;100324;1278.2;20;10029517160;S
20240403;100324;1278.2;100;10029517161;S
20240403;100324;1278.2;31;10029517162;S
20240403;100324;1278.2;1;10029517163;S
20240403;100324;1278.2;5;10029517164;S
20240403;100324;1278;1;10029517165;S
20240403;100324;1278;5;10029517166;S
20240403;100324;1278;11;10029517167;S
20240403;100324;1278;1;10029517168;S
20240403;100324;1278;1;10029517169;S
20240403;100324;1278;10;10029517170;S
20240403;100324;1278;1;10029517171;S
20240403;100324;1278;1;10029517172;S
20240403;100324;1278;10;10029517173;S
20240403;100324;1278;1;10029517174;S
20240403;100324;1278;5;10029517175;S
20240403;100324;1278;108;10029517176;S
20240403;100324;1278;5;10029517177;S
20240403;100324;1278;233;10029517178;S
20240403;100325;1278;50;10029517382;S
20240403;100326;1278;17;10029517604;S
20240403;100326;1278;80;10029517605;S
20240403;100326;1278;100;10029517606;S
20240403;100326;1278;2;10029517607;S
20240403;100326;1277.8;1;10029517608;S
20240403;100326;1277.8;108;10029517609;S
20240403;100327;1277.8;1;10029517783;B
20240403;100327;1277.6;1;10029517855;S
20240403;100327;1277.6;5;10029517856;S
20240403;100327;1277.6;119;10029517857;S
20240403;100327;1277.6;12;10029517858;S
20240403;100327;1277.6;10;10029517859;S
20240403;100327;1277.6;32;10029517860;S
20240403;100327;1277.4;5;10029517861;S
20240403;100327;1277.4;10;10029517862;S
20240403;100327;1277.4;1;10029517863;S
20240403;100327;1277.4;782;10029517864;S
20240403;100327;1277.4;62;10029517865;S
20240403;100327;1277.4;110;10029517866;S
20240403;100327;1277.2;1;10029517867;S
20240403;100327;1277.2;50;10029517868;S
20240403;100327;1277.2;10;10029517869;S
20240403;100327;1277.2;3;10029517870;S
20240403;100327;1277.2;5;10029517871;S
20240403;100327;1277.2;5;10029517872;S
20240403;100327;1277.2;5;10029517873;S
20240403;100327;1277.2;50;10029517874;S
20240403;100327;1277.2;1;10029517875;S
20240403;100327;1277.2;100;10029517876;S
20240403;100327;1277.2;15;10029517877;S
20240403;100327;1277.2;5;10029517878;S
20240403;100327;1277.2;7;10029517879;S
20240403;100327;1277.2;500;10029517880;S
20240403;100327;1277.2;1;10029517881;S
20240403;100327;1277.2;1;10029517882;S
20240403;100327;1277.2;62;10029517883;S
20240403;100327;1277.2;49;10029517884;S
20240403;100327;1277;1;10029517885;S
20240403;100327;1277;10;10029517886;S
20240403;100327;1277;20;10029517887;S
20240403;100327;1277;10;10029517888;S
20240403;100327;1277;25;10029517889;S
20240403;100327;1277;10;10029517890;S
20240403;100327;1277;1;10029517891;S
20240403;100327;1277;4;10029517892;S
20240403;100327;1277;1;10029517893;S
20240403;100327;1277;1;10029517894;S
20240403;100327;1277;1;10029517895;S
20240403;100327;1277;7;10029517896;S
20240403;100327;1277;78;10029517897;S
20240403;100327;1277;1;10029517898;S
20240403;100327;1277;1;10029517899;S
20240403;100327;1277;1;10029517900;S
20240403;100327;1277;1;10029517901;S
20240403;100327;1277;15;10029517902;S
20240403;100327;1277;1;10029517903;S
20240403;100327;1277;100;10029517904;S
20240403;100327;1277;669;10029517905;S
20240403;100327;1277;250;10029517906;S
20240403;100327;1277;2;10029517907;S
20240403;100327;1277;1;10029517908;S
20240403;100327;1277;1;10029517909;S
20240403;100327;1277;1;10029517910;S
20240403;100327;1277;1;10029517911;S
20240403;100327;1277;1;10029517912;S
20240403;100327;1277;30;10029517913;S
20240403;100327;1277;1;10029517914;S
20240403;100327;1277;1;10029517915;S
20240403;100327;1277;5;10029517916;S
20240403;100327;1277;13;10029517917;S
20240403;100327;1277;50;10029517918;S
20240403;100327;1277;62;10029517919;S
20240403;100327;1276.8;10;10029517920;S
20240403;100327;1276.8;5;10029517921;S
20240403;100327;1276.8;10;10029517922;S
20240403;100327;1276.8;140;10029517923;S
20240403;100327;1276.6;10;10029517924;S
20240403;100327;1276.6;100;10029517925;S
20240403;100327;1276.6;2;10029517926;S
20240403;100327;1276.6;150;10029517927;S
20240403;100327;1276.6;8;10029517928;S
20240403;100327;1276.6;5;10029517929;S
20240403;100327;1276.6;1;10029517930;S
20240403;100327;1276.6;20;10029517931;S
20240403;100327;1276.4;3;10029517932;S
20240403;100327;1276.4;1;10029517933;S
20240403;100327;1276.4;5;10029517934;S
20240403;100327;1276.4;1;10029517935;S
20240403;100327;1276.4;5;10029517936;S
20240403;100327;1276.4;200;10029517937;S
20240403;100327;1276.2;1;10029517938;S
20240403;100327;1276.2;1;10029517939;S
20240403;100327;1276.2;5;10029517940;S
20240403;100327;1276.2;10;10029517941;S
20240403;100327;1276.2;20;10029517942;S
20240403;100327;1276.2;1;10029517943;S
20240403;100327;1276.2;25;10029517944;S
20240403;100327;1276.2;1;10029517945;S
20240403;100327;1276.2;15;10029517946;S
20240403;100327;1276.2;549;10029517947;S
20240403;100327;1276.8;1;10029518060;B
20240403;100328;1276.4;50;10029518150;S
20240403;100328;1276.6;50;10029518196;B
20240403;100328;1276.4;1;10029518209;S
20240403;100328;1276.4;1;10029518288;S
20240403;100329;1276.4;1;10029518324;S
20240403;100329;1276.6;7;10029518382;B
20240403;100330;1276.4;9;10029518484;S
20240403;100330;1276.4;32;10029518485;S
20240403;100330;1276.4;1;10029518590;B
20240403;100330;1276.6;1;10029518653;B
20240403;100331;1276.4;3;10029518769;B
20240403;100331;1276.6;1;10029518895;B
20240403;100332;1276.2;1;10029519055;S
20240403;100332;1276.2;61;10029519081;S
20240403;100332;1276.2;98;10029519082;S
20240403;100332;1276.2;1;10029519097;S
20240403;100332;1276.4;1;10029519232;B
20240403;100332;1276.6;23;10029519233;B
20240403;100333;1276.6;10;10029519515;B
20240403;100334;1276.2;62;10029519555;S
20240403;100334;1276.2;141;10029519556;S
20240403;100334;1276;76;10029519557;S
20240403;100334;1276.4;3;10029519604;B
20240403;100334;1276.6;9;10029519605;B
20240403;100334;1276.4;1;10029519606;S
20240403;100334;1276.2;1;10029519662;S
20240403;100334;1276.6;2;10029519714;B
20240403;100335;1276.6;8;10029519858;B
20240403;100336;1276.4;2;10029519929;S
20240403;100336;1276.4;23;10029519930;S
20240403;100336;1276.6;7;10029519965;B
20240403;100336;1276.6;3;10029520043;B
20240403;100337;1276.6;1;10029520115;B
20240403;100337;1276.4;50;10029520160;S
20240403;100337;1276.2;9;10029520165;S
20240403;100338;1276.2;1;10029520255;S
20240403;100338;1276.6;1;10029520274;B
20240403;100339;1276.4;2;10029520568;B
20240403;100339;1276.4;3;10029520577;B
20240403;100340;1276.2;51;10029520633;S
20240403;100340;1276.2;1;10029520634;S
20240403;100340;1276.2;3;10029520635;S
20240403;100340;1276.4;28;10029520636;B
20240403;100340;1276.6;91;10029520637;B
20240403;100340;1276.6;81;10029520638;B
20240403;100340;1276.6;156;10029520641;B
20240403;100340;1276.8;78;10029520642;B
20240403;100340;1276.4;109;10029520775;S
20240403;100340;1276.4;32;10029520776;S
20240403;100340;1276.2;2;10029520777;S
20240403;100340;1276.2;5;10029520778;S
20240403;100340;1276.2;62;10029520779;S
20240403;100340;1276.2;50;10029520780;S
20240403;100340;1276.2;94;10029520781;S
20240403;100340;1276.2;165;10029520782;S
20240403;100340;1276;542;10029520783;S
20240403;100340;1276;1;10029520784;S
20240403;100340;1276;5;10029520785;S
20240403;100340;1276;1;10029520786;S
20240403;100340;1276;45;10029520787;S
20240403;100341;1276;45;10029520855;S
20240403;100341;1276;1;10029520856;S
20240403;100341;1276;1;10029520857;S
20240403;100341;1276;1;10029520858;S
20240403;100341;1276;1;10029520859;S
20240403;100341;1276;1;10029520860;S
20240403;100341;1276;23;10029520861;S
20240403;100341;1276;2;10029520862;S
20240403;100341;1276;25;10029520863;S
20240403;100341;1276.4;1;10029521022;B
20240403;100342;1276.2;9;10029521206;S
20240403;100342;1276.4;1;10029521242;B
20240403;100343;1276.4;2;10029521334;B
20240403;100343;1276.4;5;10029521365;B
20240403;100344;1276.2;1;10029521612;S
20240403;100344;1276.2;11;10029521613;S
20240403;100344;1276.2;33;10029521614;S
20240403;100344;1276.2;2;10029521615;S
20240403;100344;1276.2;2;10029521649;S
20240403;100344;1276;3;10029521650;S
20240403;100346;1276.2;12;10029522016;S
20240403;100346;1276.2;4;10029522017;S
20240403;100346;1276.2;33;10029522018;S
20240403;100346;1276.2;114;10029522019;S
20240403;100346;1276;72;10029522020;S
20240403;100346;1276;2;10029522021;S
20240403;100346;1276;615;10029522022;S
20240403;100346;1276;1;10029522023;S
20240403;100346;1276;3;10029522024;S
20240403;100346;1276;10;10029522025;S
20240403;100346;1276;1;10029522026;S
20240403;100346;1276;1000;10029522027;S
20240403;100346;1276;30;10029522028;S
20240403;100346;1276;1;10029522029;S
20240403;100346;1276;1;10029522030;S
20240403;100346;1276;100;10029522031;S
20240403;100346;1276;161;10029522032;S
20240403;100346;1276;1;10029522033;S
20240403;100346;1276;62;10029522034;S
20240403;100346;1276;20;10029522035;S
20240403;100346;1276;10;10029522036;S
20240403;100346;1276;10;10029522037;S
20240403;100346;1276;10;10029522038;S
20240403;100346;1276;500;10029522039;S
20240403;100346;1276;5;10029522040;S
20240403;100346;1276;2;10029522041;S
20240403;100346;1275.8;3;10029522042;S
20240403;100346;1275.8;10;10029522043;S
20240403;100346;1275.8;7;10029522044;S
20240403;100346;1275.8;1;10029522045;S
20240403;100346;1275.8;10;10029522046;S
20240403;100346;1275.8;20;10029522047;S
20240403;100346;1275.8;1;10029522048;S
20240403;100346;1275.8;62;10029522049;S
20240403;100346;1275.8;1;10029522050;S
20240403;100346;1275.8;50;10029522051;S
20240403;100346;1275.8;141;10029522052;S
20240403;100346;1275.6;2;10029522053;S
20240403;100346;1275.6;100;10029522054;S
20240403;100346;1275.6;5;10029522055;S
20240403;100346;1275.6;1;10029522056;S
20240403;100346;1275.6;1;10029522057;S
20240403;100346;1275.6;5;10029522058;S
20240403;100346;1275.6;1;10029522059;S
20240403;100346;1275.6;5;10029522060;S
20240403;100346;1275.6;20;10029522061;S
20240403;100346;1275.6;10;10029522062;S
20240403;100346;1275.6;1;10029522063;S
20240403;100346;1275.6;1;10029522064;S
20240403;100346;1275.6;3;10029522065;S
20240403;100346;1275.6;1;10029522066;S
20240403;100346;1275.6;1;10029522067;S
20240403;100346;1275.6;5;10029522068;S
20240403;100346;1275.6;100;10029522069;S
20240403;100346;1275.6;50;10029522070;S
20240403;100346;1275.6;50;10029522071;S
20240403;100346;1275.6;52;10029522072;S
20240403;100346;1276.2;3;10029522112;B
20240403;100346;1276.4;1;10029522166;B
20240403;100347;1276.4;2;10029522181;B
20240403;100347;1276.4;10;10029522276;B
20240403;100348;1276.2;5;10029522375;B
20240403;100349;1276.2;70;10029522453;B
20240403;100350;1276;15;10029522621;S
20240403;100350;1276;77;10029522624;S
20240403;100350;1276;9;10029522625;S
20240403;100350;1276;14;10029522626;S
20240403;100350;1276.2;53;10029522671;B
20240403;100350;1276.2;5;10029522694;S
20240403;100350;1276;1;10029522695;S
20240403;100350;1276;1;10029522696;S
20240403;100350;1275.8;49;10029522697;S
20240403;100352;1276;1;10029522901;B
20240403;100353;1276;3;10029522989;B
20240403;100353;1276;2;10029523005;B
20240403;100353;1276;15;10029523082;B
20240403;100354;1275.6;10;10029523129;S
20240403;100354;1275.6;10;10029523130;S
20240403;100354;1275.6;33;10029523131;S
20240403;100354;1275.6;94;10029523132;S
20240403;100354;1275.6;500;10029523133;S
20240403;100354;1275.6;50;10029523134;S
20240403;100354;1275.4;1;10029523135;S
20240403;100354;1275.4;1;10029523136;S
20240403;100354;1275.4;1;10029523137;S
20240403;100354;1275.4;2;10029523138;S
20240403;100354;1275.4;1;10029523139;S
20240403;100354;1275.4;297;10029523140;S
20240403;100354;1275.6;94;10029523268;S
20240403;100354;1275.6;6;10029523269;S
20240403;100355;1276;5;10029523302;B
20240403;100355;1275.6;1;10029523309;S
20240403;100355;1276;2;10029523313;B
20240403;100355;1276;1;10029523320;B
20240403;100355;1276;121;10029523381;B
20240403;100355;1276;1;10029523382;B
20240403;100355;1276;28;10029523383;B
20240403;100355;1276.2;13;10029523384;B
20240403;100355;1276.2;33;10029523385;B
20240403;100357;1276;1;10029523626;B
20240403;100357;1276;14;10029523631;B
20240403;100357;1276;5;10029523718;B
20240403;100357;1275.6;1;10029523721;S
20240403;100358;1276;4;10029523832;B
20240403;100358;1276;96;10029523833;B
20240403;100358;1275.6;2;10029523848;S
20240403;100358;1275.6;2;10029523849;S
20240403;100358;1275.6;13;10029523850;S
20240403;100358;1275.6;5;10029523851;S
20240403;100358;1275.6;8;10029523852;S
20240403;100359;1275.6;37;10029523942;S
20240403;100359;1275.6;156;10029523943;S
20240403;100359;1275.4;3003;10029523944;S
20240403;100359;1275.4;10;10029523945;S
20240403;100359;1275.4;3;10029523946;S
20240403;100359;1275.4;200;10029523947;S
20240403;100359;1275.4;10;10029523948;S
20240403;100359;1275.4;2;10029523949;S
20240403;100359;1275.4;1;10029523950;S
20240403;100359;1275.4;1;10029523951;S
20240403;100359;1275.4;50;10029523952;S
20240403;100359;1275.4;111;10029523953;S
20240403;100359;1275.4;32;10029523954;S
20240403;100359;1275.2;1;10029523955;S
20240403;100359;1275.2;1;10029523956;S
20240403;100359;1275.2;1;10029523957;S
20240403;100359;1275.2;1;10029523958;S
20240403;100359;1275.2;10;10029523959;S
20240403;100359;1275.2;1;10029523960;S
20240403;100359;1275.2;1;10029523961;S
20240403;100359;1275.2;3;10029523962;S
20240403;100359;1275.2;5;10029523963;S
20240403;100359;1275.2;1;10029523964;S
20240403;100359;1275.2;1;10029523965;S
20240403;100359;1275.2;5;10029523966;S
20240403;100359;1275.2;1;10029523967;S
20240403;100359;1275.2;50;10029523968;S
20240403;100359;1275.2;500;10029523969;S
20240403;100359;1275.2;10;10029523970;S
20240403;100359;1275.2;100;10029523971;S
20240403;100359;1275.2;4;10029523972;S
20240403;100359;1275.2;1;10029523973;S
20240403;100359;1275.2;3;10029523974;S
20240403;100359;1275.2;1;10029523975;S
20240403;100359;1275.2;30;10029523976;S
20240403;100359;1275.2;2;10029523977;S
20240403;100359;1275.2;500;10029523978;S
20240403;100359;1275.2;624;10029523979;S
20240403;100359;1275.2;6;10029523980;S
20240403;100359;1275.2;62;10029523981;S
20240403;100359;1275.2;1;10029523982;S
20240403;100359;1275.2;5;10029523983;S
20240403;100359;1275;1;10029523984;S
20240403;100359;1275;1;10029523985;S
20240403;100359;1275;5;10029523986;S
20240403;100359;1275;15;10029523987;S
20240403;100359;1275;1;10029523988;S
20240403;100359;1275;1;10029523989;S
20240403;100359;1275;2;10029523990;S
20240403;100359;1275;1;10029523991;S
20240403;100359;1275;1;10029523992;S
20240403;100359;1275;1;10029523993;S
20240403;100359;1275;10;10029523994;S
20240403;100359;1275;1;10029523995;S
20240403;100359;1275;3;10029523996;S
20240403;100359;1275;1;10029523997;S
20240403;100359;1275;10;10029523998;S
20240403;100359;1275;30;10029523999;S
20240403;100359;1275;13;10029524000;S
20240403;100359;1275;1;10029524001;S
20240403;100359;1275;2;10029524002;S
20240403;100359;1275;40;10029524003;S
20240403;100359;1275;2;10029524004;S
20240403;100359;1275;100;10029524005;S
20240403;100359;1275;100;10029524006;S
20240403;100359;1275;1;10029524007;S
20240403;100359;1275;5;10029524008;S
20240403;100359;1275;3;10029524009;S
20240403;100359;1275;1;10029524010;S
20240403;100359;1275;1;10029524011;S
20240403;100359;1275;1;10029524012;S
20240403;100359;1275;1;10029524013;S
20240403;100359;1275;3;10029524014;S
20240403;100359;1275;2;10029524015;S
20240403;100359;1275;1;10029524016;S
20240403;100359;1275;50;10029524017;S
20240403;100359;1275;1;10029524018;S
20240403;100359;1275;1;10029524019;S
20240403;100359;1275;1;10029524020;S
20240403;100359;1275;20;10029524021;S
20240403;100359;1275;10;10029524022;S
20240403;100359;1275;10;10029524023;S
20240403;100359;1275;1;10029524024;S
20240403;100359;1275;2;10029524025;S
20240403;100359;1275;1;10029524026;S
20240403;100359;1275;1;10029524027;S
20240403;100359;1275;1;10029524028;S
20240403;100359;1275;1;10029524029;S
20240403;100359;1275;2;10029524030;S
20240403;100359;1275;2;10029524031;S
20240403;100359;1275;5;10029524032;S
20240403;100359;1275;1;10029524033;S
20240403;100359;1275;5;10029524034;S
20240403;100359;1275;100;10029524035;S
20240403;100359;1275;1;10029524036;S
20240403;100359;1275;2;10029524037;S
20240403;100359;1275;15;10029524038;S
20240403;100359;1275;1;10029524039;S
20240403;100359;1275;1;10029524040;S
20240403;100359;1275;406;10029524041;S
20240403;100359;1275;1;10029524042;S
20240403;100359;1275;100;10029524043;S
20240403;100359;1275;1;10029524044;S
20240403;100359;1275;1;10029524045;S
20240403;100359;1275;4;10029524046;S
20240403;100359;1275;10;10029524047;S
20240403;100359;1275;1;10029524048;S
20240403;100359;1275;2;10029524049;S
20240403;100359;1275;2;10029524050;S
20240403;100359;1275;10;10029524051;S
20240403;100359;1275;10;10029524052;S
20240403;100359;1275;5;10029524053;S
20240403;100359;1275;5;10029524054;S
20240403;100359;1275;50;10029524055;S
20240403;100359;1275;392;10029524056;S
20240403;100359;1275;1;10029524057;S
20240403;100359;1275;8;10029524058;S
20240403;100359;1275;10;10029524059;S
20240403;100359;1275;1;10029524060;S
20240403;100359;1275;20;10029524061;S
20240403;100359;1275;1;10029524062;S
20240403;100359;1275;15;10029524063;S
20240403;100359;1275;406;10029524064;S
20240403;100359;1275;1;10029524065;S
20240403;100359;1275;1;10029524066;S
20240403;100359;1275;1;10029524067;S
20240403;100359;1275;1;10029524068;S
20240403;100359;1275;579;10029524069;S
20240403;100359;1275;2;10029524070;S
20240403;100359;1275;1;10029524071;S
20240403;100359;1275;5;10029524072;S
20240403;100359;1275;1;10029524073;S
20240403;100359;1275;10;10029524074;S
20240403;100359;1275;1;10029524075;S
20240403;100359;1275;10;10029524076;S
20240403;100359;1275;1;10029524077;S
20240403;100359;1275;2;10029524078;S
20240403;100359;1275;1;10029524079;S
20240403;100359;1275;10;10029524080;S
20240403;100359;1275;1;10029524081;S
20240403;100359;1275;50;10029524082;S
20240403;100359;1275;19;10029524083;S
20240403;100359;1275;5;10029524084;S
20240403;100359;1275;1;10029524085;S
20240403;100359;1275;30;10029524086;S
20240403;100359;1275;50;10029524087;S
20240403;100359;1275;5;10029524088;S
20240403;100359;1275;5;10029524089;S
20240403;100359;1275;1;10029524090;S
20240403;100359;1275;2;10029524091;S
20240403;100359;1275;100;10029524092;S
20240403;100359;1275;5;10029524093;S
20240403;100359;1275;1;10029524094;S
20240403;100359;1275;1;10029524095;S
20240403;100359;1275;1;10029524096;S
20240403;100359;1275;1;10029524097;S
20240403;100359;1275;5;10029524098;S
20240403;100359;1275;1;10029524099;S
20240403;100359;1275;1;10029524100;S
20240403;100359;1275;1;10029524101;S
20240403;100359;1275;100;10029524102;S
20240403;100359;1275;2;10029524103;S
20240403;100359;1275;1;10029524104;S
20240403;100359;1275;1;10029524105;S
20240403;100359;1275;1;10029524106;S
20240403;100359;1275;2;10029524107;S
20240403;100359;1275;1;10029524108;S
20240403;100359;1275;5;10029524109;S
20240403;100359;1275;2;10029524110;S
20240403;100359;1275;1;10029524111;S
20240403;100359;1275;1;10029524112;S
20240403;100359;1275;2;10029524113;S
20240403;100359;1275;2;10029524114;S
20240403;100359;1275;1;10029524115;S
20240403;100359;1275;1;10029524116;S
20240403;100359;1275;5;10029524117;S
20240403;100359;1275;3;10029524118;S
20240403;100359;1275;1;10029524119;S
20240403;100359;1275;1;10029524120;S
20240403;100359;1275;10;10029524121;S
20240403;100359;1275;1;10029524122;S
20240403;100359;1275;550;10029524123;S
20240403;100359;1275;1;10029524124;S
20240403;100359;1275;5;10029524125;S
20240403;100359;1275;6;10029524126;S
20240403;100359;1275;10;10029524127;S
20240403;100359;1275;62;10029524128;S
20240403;100359;1275;10;10029524129;S
20240403;100359;1275;1;10029524130;S
20240403;100359;1275;50;10029524131;S
20240403;100359;1275;5;10029524132;S
20240403;100359;1275;4;10029524133;S
20240403;100359;1275;54;10029524134;S
20240403;100359;1275;13;10029524135;S
20240403;100359;1275;141;10029524136;S
20240403;100359;1274.8;8;10029524137;S
20240403;100359;1274.8;1;10029524138;S
20240403;100359;1274.8;1;10029524139;S
20240403;100359;1274.8;23;10029524140;S
20240403;100359;1274.8;1;10029524141;S
20240403;100359;1274.8;2;10029524142;S
20240403;100359;1274.8;1;10029524143;S
20240403;100359;1274.8;1;10029524144;S
20240403;100359;1274.8;62;10029524145;S
20240403;100359;1274.6;5;10029524146;S
20240403;100359;1274.6;1;10029524147;S
20240403;100359;1274.6;2000;10029524148;S
20240403;100359;1274.6;50;10029524149;S
20240403;100359;1274.6;3;10029524150;S
20240403;100359;1274.4;1;10029524151;S
20240403;100359;1274.4;1;10029524152;S
20240403;100359;1274.4;2;10029524153;S
20240403;100359;1274.4;1;10029524154;S
20240403;100359;1274.4;3;10029524155;S
20240403;100359;1274.4;5;10029524156;S
20240403;100359;1274.4;3;10029524157;S
20240403;100359;1274.4;2;10029524158;S
20240403;100359;1274.4;1;10029524159;S
20240403;100359;1274.4;2;10029524160;S
20240403;100359;1274.2;2;10029524161;S
20240403;100359;1274.2;20;10029524162;S
20240403;100359;1274.2;1;10029524163;S
20240403;100359;1274.2;50;10029524164;S
20240403;100359;1274.2;1;10029524165;S
20240403;100359;1274.2;20;10029524166;S
20240403;100359;1274.2;20;10029524167;S
20240403;100359;1274.2;2;10029524168;S
20240403;100359;1274.2;1;10029524169;S
20240403;100359;1274.2;1;10029524170;S
20240403;100359;1274.2;600;10029524171;S
20240403;100359;1274;1;10029524172;S
20240403;100359;1274;1;10029524173;S
20240403;100359;1274;50;10029524174;S
20240403;100359;1274;1;10029524175;S
20240403;100359;1274;1;10029524176;S
20240403;100359;1274;5;10029524177;S
20240403;100359;1274;2;10029524178;S
20240403;100359;1274;1;10029524179;S
20240403;100359;1274;2;10029524180;S
20240403;100359;1274;2;10029524181;S
20240403;100359;1274;100;10029524182;S
20240403;100359;1274;1;10029524183;S
20240403;100359;1274;1;10029524184;S
20240403;100359;1274;1;10029524185;S
20240403;100359;1274;1;10029524186;S
20240403;100359;1274;1;10029524187;S
20240403;100359;1274;30;10029524188;S
20240403;100359;1274;1;10029524189;S
20240403;100359;1274;1;10029524190;S
20240403;100359;1274;5;10029524191;S
20240403;100359;1274;200;10029524192;S
20240403;100359;1274;1;10029524193;S
20240403;100359;1274;1;10029524194;S
20240403;100359;1274;1;10029524195;S
20240403;100359;1274;250;10029524196;S
20240403;100359;1274;2;10029524197;S
20240403;100359;1274;1;10029524198;S
20240403;100359;1274;1;10029524199;S
20240403;100359;1274;40;10029524200;S
20240403;100359;1274;1;10029524201;S
20240403;100359;1274;2;10029524202;S
20240403;100359;1274;15;10029524203;S
20240403;100359;1273.8;1;10029524204;S
20240403;100359;1273.8;1;10029524205;S
20240403;100359;1273.8;2;10029524206;S
20240403;100359;1273.8;1;10029524207;S
20240403;100359;1273.8;4;10029524208;S
20240403;100359;1273.8;1;10029524209;S
20240403;100359;1273.8;1;10029524210;S
20240403;100359;1273.8;4;10029524211;S
20240403;100359;1273.8;1;10029524212;S
20240403;100359;1273.8;1;10029524213;S
20240403;100359;1273.8;2;10029524214;S
20240403;100359;1273.8;600;10029524215;S
20240403;100359;1273.8;600;10029524216;S
20240403;100359;1273.6;5;10029524217;S
20240403;100359;1273.6;2;10029524218;S
20240403;100359;1273.6;100;10029524219;S
20240403;100359;1273.6;5;10029524220;S
20240403;100359;1273.6;20;10029524221;S
20240403;100359;1273.6;6;10029524222;S
20240403;100359;1273.6;22;10029524223;S
20240403;100359;1273.6;1;10029524224;S
20240403;100359;1273.4;5;10029524225;S
20240403;100359;1273.4;1;10029524226;S
20240403;100359;1273.4;1;10029524227;S
20240403;100359;1273.4;1;10029524228;S
20240403;100359;1273.4;10;10029524229;S
20240403;100359;1273.4;5;10029524230;S
20240403;100359;1273.4;1;10029524231;S
20240403;100359;1273.4;5;10029524232;S
20240403;100359;1273.4;1;10029524233;S
20240403;100359;1273.4;10;10029524234;S
20240403;100359;1273.4;1;10029524235;S
20240403;100359;1273.4;13;10029524236;S
20240403;100359;1273.4;2;10029524237;S
20240403;100359;1273.4;5;10029524238;S
20240403;100359;1273.4;1;10029524239;S
20240403;100359;1273.4;3;10029524240;S
20240403;100359;1273.4;200;10029524241;S
20240403;100359;1273.4;3;10029524242;S
20240403;100359;1273.4;1;10029524243;S
20240403;100359;1273.4;20;10029524244;S
20240403;100359;1273.4;350;10029524245;S
20240403;100359;1273.2;1;10029524246;S
20240403;100359;1273.2;1;10029524247;S
20240403;100359;1273.2;5;10029524248;S
20240403;100359;1273.2;1;10029524249;S
20240403;100359;1273.2;10;10029524250;S
20240403;100359;1273.2;5000;10029524251;S
20240403;100359;1273.2;20;10029524252;S
20240403;100359;1273.2;10;10029524253;S
20240403;100359;1273.2;255;10029524254;S
20240403;100359;1273.2;1;10029524255;S
20240403;100359;1273.2;250;10029524256;S
20240403;100359;1273.2;2;10029524257;S
20240403;100359;1273.2;3;10029524258;S
20240403;100359;1273.2;1;10029524259;S
20240403;100359;1273.2;1;10029524260;S
20240403;100359;1273.2;300;10029524261;S
20240403;100359;1273.2;2;10029524262;S
20240403;100359;1273.2;1;10029524263;S
20240403;100359;1273;5;10029524264;S
20240403;100359;1273;1;10029524265;S
20240403;100359;1273;50;10029524266;S
20240403;100359;1273;1;10029524267;S
20240403;100359;1273;2;10029524268;S
20240403;100359;1273;1;10029524269;S
20240403;100359;1273;1;10029524270;S
20240403;100359;1273;1;10029524271;S
20240403;100359;1273;1;10029524272;S
20240403;100359;1273;2;10029524273;S
20240403;100359;1273;1;10029524274;S
20240403;100359;1273;38;10029524275;S
20240403;100359;1273;1;10029524276;S
20240403;100359;1273;10;10029524277;S
20240403;100359;1273;1;10029524278;S
20240403;100359;1273;5;10029524279;S
20240403;100359;1273;100;10029524280;S
20240403;100359;1273;1;10029524281;S
20240403;100359;1273;1;10029524282;S
20240403;100359;1273;1;10029524283;S
20240403;100359;1273;1;10029524284;S
20240403;100359;1273;1;10029524285;S
20240403;100359;1273;2;10029524286;S
20240403;100359;1273;1;10029524287;S
20240403;100359;1273;1;10029524288;S
20240403;100359;1273;10;10029524289;S
20240403;100359;1273;1;10029524290;S
20240403;100359;1273;10;10029524291;S
20240403;100359;1273;20;10029524292;S
20240403;100359;1273;2;10029524293;S
20240403;100359;1273;29;10029524294;S
20240403;100359;1273;3;10029524295;S
20240403;100359;1273;40;10029524296;S
20240403;100359;1273;1;10029524297;S
20240403;100359;1273;1;10029524298;S
20240403;100359;1273;1;10029524299;S
20240403;100359;1273;20;10029524300;S
20240403;100359;1273;10;10029524301;S
20240403;100359;1273;5;10029524302;S
20240403;100359;1273;1;10029524303;S
20240403;100359;1273;1;10029524304;S
20240403;100359;1273;1;10029524305;S
20240403;100359;1273;3;10029524306;S
20240403;100359;1273;5;10029524307;S
20240403;100359;1273;1;10029524308;S
20240403;100359;1273;1;10029524309;S
20240403;100359;1273;10;10029524310;S
20240403;100359;1273;55;10029524311;S
20240403;100359;1273;1;10029524312;S
20240403;100359;1273;1;10029524313;S
20240403;100359;1273;20;10029524314;S
20240403;100359;1273;1;10029524315;S
20240403;100359;1273;100;10029524316;S
20240403;100359;1273;1;10029524317;S
20240403;100359;1273;1;10029524318;S
20240403;100359;1273;1;10029524319;S
20240403;100359;1273;2;10029524320;S
20240403;100359;1273;20;10029524321;S
20240403;100359;1272.8;1;10029524322;S
20240403;100359;1272.8;3;10029524323;S
20240403;100359;1272.8;3;10029524324;S
20240403;100359;1272.8;8;10029524325;S
20240403;100359;1272.8;16;10029524326;S
20240403;100359;1272.8;1;10029524327;S
20240403;100359;1272.8;1;10029524328;S
20240403;100359;1272.8;20;10029524329;S
20240403;100359;1272.8;3;10029524330;S
20240403;100359;1272.8;2;10029524331;S
20240403;100359;1272.8;1;10029524332;S
20240403;100359;1272.6;1;10029524333;S
20240403;100359;1272.6;1;10029524334;S
20240403;100359;1272.6;5;10029524335;S
20240403;100359;1272.6;1;10029524336;S
20240403;100359;1272.6;1;10029524337;S
20240403;100359;1272.6;3;10029524338;S
20240403;100359;1272.6;100;10029524339;S
20240403;100359;1272.6;1;10029524340;S
20240403;100359;1272.6;1;10029524341;S
20240403;100359;1272.6;7;10029524342;S
20240403;100359;1272.6;100;10029524343;S
20240403;100359;1272.6;5;10029524344;S
20240403;100359;1272.4;76;10029524345;S
20240403;100359;1272.4;150;10029524346;S
20240403;100359;1272.4;1;10029524347;S
20240403;100359;1272.4;5;10029524348;S
20240403;100359;1272.4;1;10029524349;S
20240403;100359;1272.4;4;10029524350;S
20240403;100359;1272.4;5;10029524351;S
20240403;100359;1272.4;10;10029524352;S
20240403;100359;1272.4;50;10029524353;S
20240403;100359;1272.4;1;10029524354;S
20240403;100359;1272.4;1;10029524355;S
20240403;100359;1272.2;1;10029524356;S
20240403;100359;1272.2;4;10029524357;S
20240403;100359;1272.2;1;10029524358;S
20240403;100359;1272.2;2;10029524359;S
20240403;100359;1272.2;1;10029524360;S
20240403;100359;1272.2;1;10029524361;S
20240403;100359;1272.2;1;10029524362;S
20240403;100359;1272.2;1;10029524363;S
20240403;100359;1272.2;30;10029524364;S
20240403;100359;1272.2;6;10029524365;S
20240403;100359;1272.2;10;10029524366;S
20240403;100359;1272.2;1;10029524367;S
20240403;100359;1272.2;1;10029524368;S
20240403;100359;1272.2;1;10029524369;S
20240403;100359;1272.2;1;10029524370;S
20240403;100359;1272.2;1;10029524371;S
20240403;100359;1272.2;1;10029524372;S
20240403;100359;1272.2;1;10029524373;S
20240403;100359;1272;30;10029524374;S
20240403;100359;1272;1;10029524375;S
20240403;100359;1272;1;10029524376;S
20240403;100359;1272;1;10029524377;S
20240403;100359;1272;1;10029524378;S
20240403;100359;1272;10;10029524379;S
20240403;100359;1272;100;10029524380;S
20240403;100359;1272;400;10029524381;S
20240403;100359;1272;1;10029524382;S
20240403;100359;1272;10;10029524383;S
20240403;100359;1272;8;10029524384;S
20240403;100359;1272;10;10029524385;S
20240403;100359;1272;10;10029524386;S
20240403;100359;1272;17;10029524387;S
20240403;100359;1272;12;10029524388;S
20240403;100359;1272;1;10029524389;S
20240403;100359;1272;20;10029524390;S
20240403;100359;1272;1;10029524391;S
20240403;100359;1272;1000;10029524392;S
20240403;100359;1272;1;10029524393;S
20240403;100359;1272;1;10029524394;S
20240403;100359;1272;2;10029524395;S
20240403;100359;1272;1;10029524396;S
20240403;100359;1272;1;10029524397;S
20240403;100359;1272;1;10029524398;S
20240403;100359;1272;5;10029524399;S
20240403;100359;1272;1;10029524400;S
20240403;100359;1272;777;10029524401;S
20240403;100359;1272;1;10029524402;S
20240403;100359;1272;5;10029524403;S
20240403;100359;1272;25;10029524404;S
20240403;100359;1272;200;10029524405;S
20240403;100359;1272;39;10029524406;S
20240403;100359;1272;1;10029524407;S
20240403;100359;1272;1;10029524408;S
20240403;100359;1272;9;10029524409;S
20240403;100359;1272;55;10029524410;S
20240403;100359;1272;1;10029524411;S
20240403;100359;1272;2;10029524412;S
20240403;100359;1272;1;10029524413;S
20240403;100359;1272;1;10029524414;S
20240403;100359;1272;1;10029524415;S
20240403;100359;1272;1;10029524416;S
20240403;100359;1272;1;10029524417;S
20240403;100359;1272;78;10029524418;S
20240403;100359;1271.8;1;10029524419;S
20240403;100359;1271.8;1;10029524420;S
20240403;100359;1271.8;100;10029524421;S
20240403;100359;1271.8;1;10029524422;S
20240403;100359;1271.6;2;10029524423;S
20240403;100359;1271.6;4;10029524424;S
20240403;100359;1271.6;15;10029524425;S
20240403;100359;1271.6;5;10029524426;S
20240403;100359;1271.6;7;10029524427;S
20240403;100359;1271.6;1;10029524428;S
20240403;100359;1271.4;1;10029524429;S
20240403;100359;1271.4;1;10029524430;S
20240403;100359;1271.2;5;10029524431;S
20240403;100359;1271.2;4;10029524432;S
20240403;100359;1271.2;10;10029524433;S
20240403;100359;1271.2;12;10029524434;S
20240403;100359;1271.2;1;10029524435;S
20240403;100359;1271.2;5;10029524436;S
20240403;100359;1271.2;1;10029524437;S
20240403;100359;1271.2;250;10029524438;S
20240403;100359;1271.2;1;10029524439;S
20240403;100359;1271;1;10029524440;S
20240403;100359;1271;1;10029524441;S
20240403;100359;1271;1;10029524442;S
20240403;100359;1271;30;10029524443;S
20240403;100359;1271;10;10029524444;S
20240403;100359;1271;1;10029524445;S
20240403;100359;1271;10;10029524446;S
20240403;100359;1271;60;10029524447;S
20240403;100359;1271;1;10029524448;S
20240403;100359;1271;1;10029524449;S
20240403;100359;1271;1;10029524450;S
20240403;100359;1271;7;10029524451;S
20240403;100359;1271;1;10029524452;S
20240403;100359;1271;2;10029524453;S
20240403;100359;1271;1;10029524454;S
20240403;100359;1271;15;10029524455;S
20240403;100359;1271;1;10029524456;S
20240403;100359;1271;1;10029524457;S
20240403;100359;1271;1;10029524458;S
20240403;100359;1271;1;10029524459;S
20240403;100359;1271;9;10029524460;S
20240403;100359;1271;1;10029524461;S
20240403;100359;1271;28;10029524462;S
20240403;100359;1271;1;10029524463;S
20240403;100359;1271;1;10029524464;S
20240403;100359;1271;250;10029524465;S
20240403;100359;1271;1;10029524466;S
20240403;100359;1271;188;10029524467;S
20240403;100359;1271;1;10029524468;S
20240403;100359;1271;10;10029524469;S
20240403;100359;1271;100;10029524470;S
20240403;100359;1271;1;10029524471;S
20240403;100359;1271;1;10029524472;S
20240403;100359;1271;1;10029524473;S
20240403;100359;1270.8;50;10029524474;S
20240403;100359;1270.8;2;10029524475;S
20240403;100359;1270.8;5;10029524476;S
20240403;100359;1270.8;1;10029524477;S
20240403;100359;1270.6;1;10029524478;S
20240403;100359;1270.6;4;10029524479;S
20240403;100359;1270.6;15;10029524480;S
20240403;100359;1270.6;5;10029524481;S
20240403;100359;1270.6;3;10029524482;S
20240403;100359;1270.6;1;10029524483;S
20240403;100359;1270.6;1;10029524484;S
20240403;100359;1270.6;1000;10029524485;S
20240403;100359;1270.6;1;10029524486;S
20240403;100359;1270.6;3000;10029524487;S
20240403;100359;1270.6;5;10029524488;S
20240403;100359;1270.6;1;10029524489;S
20240403;100359;1270.4;1;10029524490;S
20240403;100359;1270.4;5;10029524491;S
20240403;100359;1270.4;1;10029524492;S
20240403;100359;1270.4;50;10029524493;S
20240403;100359;1270.4;1;10029524494;S
20240403;100359;1270.4;50;10029524495;S
20240403;100359;1270.4;1;10029524496;S
20240403;100359;1270.4;2;10029524497;S
20240403;100359;1270.4;300;10029524498;S
20240403;100359;1270.4;1;10029524499;S
20240403;100359;1270.4;1000;10029524500;S
20240403;100359;1270.4;2;10029524501;S
20240403;100359;1270.2;50;10029524502;S
20240403;100359;1270.2;1;10029524503;S
20240403;100359;1270.2;1;10029524504;S
20240403;100359;1270.2;4;10029524505;S
20240403;100359;1270.2;5;10029524506;S
20240403;100359;1270.2;10;10029524507;S
20240403;100359;1270.2;1;10029524508;S
20240403;100359;1270.2;3;10029524509;S
20240403;100359;1270.2;1;10029524510;S
20240403;100359;1270.2;1;10029524511;S
20240403;100359;1270.2;1;10029524512;S
20240403;100359;1270.2;3;10029524513;S
20240403;100359;1270.2;1;10029524514;S
20240403;100359;1270.2;1;10029524515;S
20240403;100359;1270.2;150;10029524516;S
20240403;100359;1270.2;6;10029524517;S
20240403;100359;1270.2;10;10029524518;S
20240403;100359;1270.2;5;10029524519;S
20240403;100359;1270.2;50;10029524520;S
20240403;100359;1270.2;478;10029524521;S
20240403;100359;1270.2;10;10029524522;S
20240403;100359;1270.2;20;10029524523;S
20240403;100359;1270.2;3;10029524524;S
20240403;100359;1270.2;1;10029524525;S
20240403;100359;1270.2;2000;10029524526;S
20240403;100359;1270.2;1;10029524527;S
20240403;100359;1270.2;1;10029524528;S
20240403;100359;1270;1;10029524529;S
20240403;100359;1270;1;10029524530;S
20240403;100359;1270;1;10029524531;S
20240403;100359;1270;10;10029524532;S
20240403;100359;1270;1;10029524533;S
20240403;100359;1270;1;10029524534;S
20240403;100359;1270;1;10029524535;S
20240403;100359;1270;1;10029524536;S
20240403;100359;1270;1;10029524537;S
20240403;100359;1270;1;10029524538;S
20240403;100359;1270;1;10029524539;S
20240403;100359;1270;2;10029524540;S
20240403;100359;1270;2;10029524541;S
20240403;100359;1270;1;10029524542;S
20240403;100359;1270;1;10029524543;S
20240403;100359;1270;2;10029524544;S
20240403;100359;1270;2;10029524545;S
20240403;100359;1270;8;10029524546;S
20240403;100359;1270;2;10029524547;S
20240403;100359;1270;1;10029524548;S
20240403;100359;1270;5;10029524549;S
20240403;100359;1270;1;10029524550;S
20240403;100359;1270;10;10029524551;S
20240403;100359;1270;1;10029524552;S
20240403;100359;1270;1;10029524553;S
20240403;100359;1270;3;10029524554;S
20240403;100359;1270;5;10029524555;S
20240403;100359;1270;1;10029524556;S
20240403;100359;1270;4;10029524557;S
20240403;100359;1270;1;10029524558;S
20240403;100359;1270;1;10029524559;S
20240403;100359;1270;1;10029524560;S
20240403;100359;1270;1;10029524561;S
20240403;100359;1270;10;10029524562;S
20240403;100359;1270;1;10029524563;S
20240403;100359;1270;12;10029524564;S
20240403;100359;1270;4;10029524565;S
20240403;100359;1270;1;10029524566;S
20240403;100359;1270;5;10029524567;S
20240403;100359;1270;1;10029524568;S
20240403;100359;1270;10;10029524569;S
20240403;100359;1270;1;10029524570;S
20240403;100359;1270;2;10029524571;S
20240403;100359;1270;5;10029524572;S
20240403;100359;1270;1;10029524573;S
20240403;100359;1270;3;10029524574;S
20240403;100359;1270;10;10029524575;S
20240403;100359;1270;1;10029524576;S
20240403;100359;1270;200;10029524577;S
20240403;100359;1270;200;10029524578;S
20240403;100359;1270;5;10029524579;S
20240403;100359;1270;1;10029524580;S
20240403;100359;1270;1;10029524581;S
20240403;100359;1270;5;10029524582;S
20240403;100359;1270;1;10029524583;S
20240403;100359;1270;50;10029524584;S
20240403;100359;1270;1;10029524585;S
20240403;100359;1270;10;10029524586;S
20240403;100359;1270;25;10029524587;S
20240403;100359;1270;1;10029524588;S
20240403;100359;1270;1;10029524589;S
20240403;100359;1270;1;10029524590;S
20240403;100359;1270;40;10029524591;S
20240403;100359;1270;15;10029524592;S
20240403;100359;1270;1;10029524593;S
20240403;100359;1270;1;10029524594;S
20240403;100359;1270;10;10029524595;S
20240403;100359;1270;2;10029524596;S
20240403;100359;1270;1;10029524597;S
