<DATE>;<TIME>;<LAST>;<VOL>;<ID>;<OPER>
20240214;095937;1424.400000000;1;9595798585;S
20240214;095937;1424.400000000;1;9595798586;S
20240214;095937;1424.400000000;5;9595798587;S
20240214;095937;1424.400000000;10;9595798588;S
20240214;095937;1424.400000000;1;9595798589;S
20240214;095937;1424.400000000;105;9595798590;S
20240214;095937;1424.400000000;68;9595798591;S
20240214;095937;1424.400000000;11;9595798592;S
20240214;095937;1424.400000000;1;9595798593;S
20240214;095937;1424.400000000;1;9595798594;B
20240214;095937;1424.400000000;1;9595798595;B
20240214;095937;1424.400000000;5;9595798596;S
20240214;095937;1424.400000000;3;9595798597;S
20240214;095937;1424.400000000;6;9595798598;B
20240214;095937;1424.400000000;3;9595798599;B
20240214;095937;1424.400000000;6;9595798600;B
20240214;095937;1424.400000000;5;9595798601;B
20240214;095937;1424.400000000;1;9595798602;B
20240214;095937;1424.400000000;1;9595798603;B
20240214;095937;1424.400000000;13;9595798604;B
20240214;095937;1424.400000000;37;9595798605;B
20240214;095937;1424.400000000;12;9595798606;B
20240214;095937;1424.400000000;5;9595798607;B
20240214;095937;1424.400000000;1;9595798608;B
20240214;095937;1424.400000000;2;9595798609;B
20240214;095937;1424.400000000;3;9595798610;B
20240214;095937;1424.400000000;7;9595798611;B
20240214;095937;1424.400000000;7;9595798612;B
20240214;095937;1424.400000000;3;9595798613;B
20240214;095937;1424.400000000;20;9595798614;B
20240214;095937;1424.400000000;1;9595798615;B
20240214;095937;1424.400000000;2;9595798616;B
20240214;095937;1424.400000000;40;9595798617;B
20240214;095937;1424.400000000;2;9595798618;B
20240214;095937;1424.400000000;6;9595798619;B
20240214;095937;1424.400000000;1;9595798620;B
20240214;095937;1424.400000000;3;9595798621;B
20240214;095937;1424.400000000;1;9595798622;B
20240214;095937;1424.400000000;1;9595798623;B
20240214;095937;1424.400000000;6;9595798624;B
20240214;095937;1424.400000000;1;9595798625;B
20240214;095937;1424.400000000;4;9595798626;B
20240214;095937;1424.400000000;20;9595798627;B
20240214;095937;1424.400000000;1;9595798628;B
20240214;095937;1424.400000000;1;9595798629;B
20240214;095937;1424.400000000;1;9595798630;B
20240214;095937;1424.400000000;1;9595798631;B
20240214;095937;1424.400000000;1;9595798632;S
20240214;095937;1424.400000000;1;9595798633;S
20240214;095937;1424.400000000;1;9595798634;B
20240214;095937;1424.400000000;1;9595798635;B
20240214;095937;1424.400000000;10;9595798636;B
20240214;095937;1424.400000000;2;9595798637;S
20240214;095937;1424.400000000;1;9595798638;S
20240214;095937;1424.400000000;1;9595798639;B
20240214;095937;1424.400000000;10;9595798640;B
20240214;095937;1424.400000000;3;9595798641;B
20240214;095937;1424.400000000;70;9595798642;S
20240214;095937;1424.400000000;5;9595798643;B
20240214;095937;1424.400000000;2;9595798644;B
20240214;095937;1424.400000000;5;9595798645;B
20240214;095937;1424.400000000;2;9595798646;B
20240214;095937;1424.400000000;3;9595798647;B
20240214;095937;1424.400000000;10;9595798648;B
20240214;095937;1424.400000000;5;9595798649;B
20240214;095937;1424.400000000;1;9595798650;S
20240214;095937;1424.400000000;1;9595798651;B
20240214;095937;1424.400000000;1;9595798652;B
20240214;095937;1424.400000000;1;9595798653;B
20240214;095937;1424.400000000;2;9595798654;B
20240214;095937;1424.400000000;100;9595798655;B
20240214;095937;1424.400000000;15;9595798656;B
20240214;095937;1424.400000000;1;9595798657;B
20240214;095937;1424.400000000;1;9595798658;B
20240214;095937;1424.400000000;8;9595798659;B
20240214;095937;1424.400000000;7;9595798660;B
20240214;095937;1424.400000000;1;9595798661;B
20240214;095937;1424.400000000;12;9595798662;B
20240214;095937;1424.400000000;1;9595798663;B
20240214;095937;1424.400000000;1;9595798664;B
20240214;095937;1424.400000000;5;9595798665;B
20240214;095937;1424.400000000;4;9595798666;B
20240214;095937;1424.400000000;6;9595798667;B
20240214;095937;1424.400000000;3;9595798668;S
20240214;095937;1424.400000000;1;9595798669;B
20240214;095937;1424.400000000;1;9595798670;S
20240214;095937;1424.400000000;3;9595798671;S
20240214;095937;1424.400000000;2;9595798672;S
20240214;095937;1424.400000000;15;9595798673;S
20240214;095937;1424.400000000;1;9595798674;S
20240214;095937;1424.400000000;2;9595798675;S
20240214;095937;1424.400000000;1;9595798676;S
20240214;095937;1424.400000000;1;9595798677;S
20240214;095937;1424.400000000;1;9595798678;S
20240214;095937;1424.400000000;4;9595798679;S
20240214;095937;1424.400000000;10;9595798680;B
20240214;095937;1424.400000000;45;9595798681;B
20240214;095937;1424.400000000;12;9595798682;S
20240214;095937;1424.400000000;1;9595798683;S
20240214;095937;1424.400000000;7;9595798684;S
20240214;095937;1424.400000000;1;9595798685;S
20240214;095937;1424.400000000;1;9595798686;S
20240214;095937;1424.400000000;3;9595798687;S
20240214;095937;1424.400000000;3;9595798688;S
20240214;095937;1424.400000000;1;9595798689;S
20240214;095937;1424.400000000;2;9595798690;S
20240214;095937;1424.400000000;11;9595798691;S
20240214;095937;1424.400000000;2;9595798692;S
20240214;095937;1424.400000000;1;9595798693;S
20240214;095937;1424.400000000;2;9595798694;S
20240214;095937;1424.400000000;30;9595798695;S
20240214;095937;1424.400000000;1;9595798696;S
20240214;095937;1424.400000000;13;9595798697;S
20240214;095937;1424.400000000;10;9595798698;S
20240214;095937;1424.400000000;3;9595798699;S
20240214;095937;1424.400000000;10;9595798700;S
20240214;095937;1424.400000000;3;9595798701;S
20240214;095937;1424.400000000;4;9595798702;S
20240214;095937;1424.400000000;10;9595798703;S
20240214;095937;1424.400000000;4;9595798704;S
20240214;095937;1424.400000000;26;9595798705;S
20240214;095937;1424.400000000;2;9595798706;S
20240214;095937;1424.400000000;1;9595798707;S
20240214;095937;1424.400000000;4;9595798708;S
20240214;095937;1424.400000000;2;9595798709;S
20240214;095937;1424.400000000;5;9595798710;S
20240214;095937;1424.400000000;1;9595798711;S
20240214;095937;1424.400000000;5;9595798712;S
20240214;095937;1424.400000000;10;9595798713;B
20240214;095937;1424.400000000;1;9595798714;B
20240214;095937;1424.400000000;3;9595798715;B
20240214;100000;1424.000000000;3;9595807220;S
20240214;100000;1424.400000000;56;9595807261;B
20240214;100000;1424.600000000;44;9595807262;B
20240214;100000;1424.600000000;6;9595807335;B
20240214;100000;1424.600000000;5;9595807336;B
20240214;100000;1424.600000000;7;9595807337;B
20240214;100000;1424.600000000;56;9595807338;B
20240214;100000;1424.600000000;6;9595807339;B
20240214;100000;1424.600000000;20;9595807347;S
20240214;100000;1424.400000000;36;9595807348;S
20240214;100000;1424.400000000;56;9595807371;S
20240214;100000;1424.600000000;1;9595807402;B
20240214;100000;1424.600000000;1;9595807403;B
20240214;100000;1424.800000000;1;9595807404;B
20240214;100000;1424.800000000;5;9595807405;B
20240214;100000;1424.600000000;1;9595807430;B
20240214;100000;1424.600000000;1;9595807431;B
20240214;100000;1424.600000000;34;9595807432;B
20240214;100000;1424.600000000;106;9595807448;B
20240214;100000;1424.800000000;5;9595807449;B
20240214;100000;1424.800000000;1;9595807450;B
20240214;100000;1424.800000000;1;9595807451;B
20240214;100000;1424.800000000;10;9595807452;B
20240214;100000;1424.800000000;7;9595807453;B
20240214;100000;1424.800000000;56;9595807454;B
20240214;100000;1424.800000000;1;9595807455;S
20240214;100000;1424.800000000;9;9595807457;S
20240214;100000;1424.800000000;4;9595807491;S
20240214;100000;1424.600000000;3;9595807494;B
20240214;100000;1424.600000000;35;9595807521;B
20240214;100000;1424.400000000;8;9595807533;S
20240214;100000;1424.400000000;92;9595807534;S
20240214;100000;1424.600000000;1;9595807609;B
20240214;100000;1425.000000000;1;9595807610;B
20240214;100000;1424.600000000;2;9595807659;B
20240214;100000;1424.600000000;54;9595807665;B
20240214;100000;1424.800000000;56;9595807666;B
20240214;100000;1424.800000000;90;9595807667;B
20240214;100000;1425.000000000;1;9595807694;B
20240214;100000;1425.000000000;1;9595807716;B
20240214;100000;1425.000000000;3;9595807717;B
20240214;100000;1425.000000000;2;9595807726;B
20240214;100000;1425.000000000;1;9595807727;B
20240214;100000;1425.000000000;1;9595807731;B
20240214;100000;1425.000000000;21;9595807732;B
20240214;100000;1424.600000000;1;9595807977;S
20240214;100000;1425.000000000;2;9595808349;B
20240214;100000;1424.600000000;3;9595808374;S
20240214;100001;1424.600000000;22;9595808500;S
20240214;100001;1425.000000000;10;9595808545;B
20240214;100001;1424.600000000;2;9595808666;S
20240214;100001;1424.600000000;1;9595808771;S
20240214;100001;1424.600000000;7;9595808832;S
20240214;100001;1424.600000000;14;9595809112;S
20240214;100001;1424.600000000;3;9595809311;S
20240214;100001;1425.000000000;20;9595809464;B
20240214;100002;1424.600000000;2;9595809857;S
20240214;100002;1425.000000000;171;9595809949;B
20240214;100002;1425.000000000;1;9595809950;B
20240214;100002;1425.000000000;50;9595809951;B
20240214;100002;1425.000000000;1;9595809952;B
20240214;100002;1425.000000000;1;9595809953;B
20240214;100002;1425.000000000;4;9595809954;B
20240214;100002;1425.000000000;1;9595809955;B
20240214;100002;1425.000000000;1;9595809956;B
20240214;100002;1425.000000000;1;9595809957;B
20240214;100002;1425.000000000;1;9595809958;B
20240214;100002;1425.000000000;60;9595809959;B
20240214;100002;1425.000000000;208;9595809960;B
20240214;100002;1425.000000000;5;9595810212;B
20240214;100002;1425.000000000;127;9595810215;B
20240214;100002;1424.600000000;5;9595810312;S
20240214;100002;1424.600000000;3;9595810343;S
20240214;100002;1425.000000000;50;9595810516;B
20240214;100002;1424.600000000;50;9595810526;S
20240214;100002;1425.000000000;8;9595810573;B
20240214;100002;1425.000000000;3;9595810663;B
20240214;100002;1424.800000000;1;9595810678;B
20240214;100002;1425.000000000;20;9595810766;B
20240214;100003;1425.000000000;70;9595810943;B
20240214;100003;1424.600000000;20;9595811020;S
20240214;100003;1424.600000000;80;9595811021;S
20240214;100003;1424.600000000;20;9595811074;S
20240214;100003;1424.400000000;8;9595811075;S
20240214;100003;1424.400000000;100;9595811076;S
20240214;100003;1424.400000000;40;9595811077;S
20240214;100003;1424.400000000;56;9595811078;S
20240214;100003;1424.200000000;56;9595811079;S
20240214;100003;1424.200000000;99;9595811080;S
20240214;100003;1424.200000000;121;9595811081;S
20240214;100003;1424.200000000;2;9595811619;S
20240214;100003;1424.200000000;3;9595811636;S
20240214;100003;1424.000000000;2;9595811637;S
20240214;100004;1424.200000000;1;9595811851;B
20240214;100004;1424.000000000;2;9595811921;S
20240214;100004;1424.000000000;2;9595811922;S
20240214;100004;1424.000000000;1;9595811923;S
20240214;100005;1424.400000000;1;9595814461;B
20240214;100005;1424.000000000;1;9595814465;S
20240214;100005;1424.000000000;1;9595814466;S
20240214;100005;1424.000000000;1;9595814467;S
20240214;100005;1424.000000000;1;9595814468;S
20240214;100005;1424.000000000;1;9595814469;S
20240214;100005;1424.000000000;2;9595814470;S
20240214;100005;1424.000000000;2;9595814471;S
20240214;100005;1424.000000000;2;9595814472;S
20240214;100005;1424.000000000;19;9595814473;S
20240214;100005;1424.400000000;5;9595814596;B
20240214;100005;1424.400000000;1;9595814601;B
20240214;100006;1424.400000000;2;9595815165;B
20240214;100006;1424.400000000;2;9595815167;B
20240214;100006;1424.000000000;8;9595815169;S
20240214;100006;1424.400000000;15;9595815172;B
20240214;100006;1424.400000000;3;9595815214;B
20240214;100006;1424.400000000;3;9595815216;B
20240214;100006;1424.000000000;1;9595815219;S
20240214;100006;1424.000000000;1;9595815272;S
20240214;100006;1424.400000000;1;9595815850;B
20240214;100006;1424.400000000;21;9595815851;B
20240214;100006;1424.400000000;1;9595816035;B
20240214;100007;1424.000000000;1;9595816705;S
20240214;100007;1424.400000000;209;9595816854;B
20240214;100007;1424.600000000;211;9595816855;B
20240214;100007;1424.800000000;198;9595816856;B
20240214;100007;1424.800000000;4;9595816857;B
20240214;100007;1424.800000000;141;9595816858;B
20240214;100007;1424.800000000;400;9595816859;B
20240214;100007;1425.000000000;337;9595816860;B
20240214;100007;1425.000000000;1;9595817105;B
20240214;100008;1425.000000000;1;9595817628;B
20240214;100008;1425.000000000;5;9595817630;B
20240214;100008;1425.000000000;3;9595817769;B
20240214;100008;1425.000000000;22;9595818060;B
20240214;100008;1424.200000000;6;9595818484;S
20240214;100009;1424.800000000;3;9595818809;B
20240214;100009;1424.800000000;1;9595818863;B
20240214;100009;1424.800000000;2;9595818864;B
20240214;100009;1424.800000000;1;9595818865;B
20240214;100009;1424.800000000;49;9595819342;B
20240214;100009;1424.800000000;51;9595819343;B
20240214;100009;1424.800000000;18;9595819517;B
20240214;100009;1424.200000000;1;9595819518;S
20240214;100010;1424.800000000;1;9595819705;B
20240214;100010;1425.000000000;10;9595819706;B
20240214;100010;1425.000000000;1;9595819946;B
20240214;100010;1425.000000000;1;9595820091;B
20240214;100010;1425.000000000;1;9595820248;B
20240214;100010;1425.000000000;2;9595820250;B
20240214;100010;1424.200000000;17;9595820276;S
20240214;100010;1425.000000000;15;9595820414;B
20240214;100011;1424.200000000;22;9595820583;S
20240214;100011;1425.000000000;31;9595820823;B
20240214;100011;1425.000000000;49;9595820845;B
20240214;100011;1425.000000000;28;9595820957;B
20240214;100011;1425.000000000;33;9595821156;B
20240214;100011;1424.800000000;2;9595821204;S
20240214;100011;1424.200000000;68;9595821205;S
20240214;100012;1425.000000000;100;9595821467;B
20240214;100012;1425.000000000;2;9595821731;B
20240214;100013;1424.200000000;1;9595822003;S
20240214;100013;1424.200000000;1;9595822276;S
20240214;100014;1424.600000000;3;9595822546;B
20240214;100014;1424.800000000;1;9595822547;B
20240214;100014;1424.800000000;3;9595822548;B
20240214;100014;1424.800000000;1;9595822549;B
20240214;100014;1425.000000000;492;9595822550;B
20240214;100015;1425.000000000;62;9595823248;B
20240214;100015;1425.000000000;100;9595823256;B
20240214;100015;1425.000000000;5;9595823288;B
20240214;100016;1425.000000000;300;9595823591;B
20240214;100016;1425.000000000;1;9595823696;B
20240214;100017;1425.000000000;13;9595823888;B
20240214;100017;1425.000000000;2;9595823906;B
20240214;100018;1425.000000000;10;9595824203;B
20240214;100018;1424.400000000;1;9595824484;S
20240214;100018;1424.400000000;2;9595824485;S
20240214;100018;1424.400000000;1;9595824610;S
20240214;100019;1425.000000000;15;9595824798;B
20240214;100021;1424.400000000;2;9595825744;B
20240214;100021;1424.400000000;398;9595825745;B
20240214;100021;1424.200000000;1;9595825793;S
20240214;100023;1424.800000000;1;9595826474;B
20240214;100024;1424.200000000;56;9595826603;S
20240214;100024;1424.200000000;3;9595826661;S
20240214;100024;1424.400000000;3;9595826959;S
20240214;100025;1424.800000000;24;9595827091;B
20240214;100025;1424.800000000;3;9595827092;B
20240214;100025;1424.800000000;100;9595827093;B
20240214;100025;1425.000000000;373;9595827094;B
20240214;100025;1424.600000000;3;9595827131;S
20240214;100025;1425.000000000;1;9595827135;B
20240214;100025;1424.600000000;3;9595827335;S
20240214;100026;1424.800000000;3;9595827639;S
20240214;100026;1425.000000000;2;9595827756;B
20240214;100026;1424.800000000;3;9595827825;S
20240214;100027;1425.000000000;15;9595827898;B
20240214;100027;1424.800000000;3;9595827958;S
20240214;100028;1425.000000000;20;9595828383;B
20240214;100029;1425.000000000;40;9595828552;B
20240214;100031;1424.800000000;1;9595829135;S
20240214;100031;1425.000000000;1;9595829238;B
20240214;100032;1425.000000000;17;9595829809;B
20240214;100034;1424.800000000;20;9595830171;S
20240214;100036;1424.800000000;1;9595831451;B
20240214;100036;1424.800000000;2;9595831490;B
20240214;100036;1424.800000000;5;9595831499;B
20240214;100037;1424.800000000;1;9595831534;B
20240214;100037;1424.800000000;1;9595831719;B
20240214;100037;1424.800000000;10;9595831772;B
20240214;100040;1424.800000000;1;9595832690;B
20240214;100041;1424.800000000;9;9595832825;B
20240214;100041;1424.800000000;21;9595832826;B
20240214;100042;1424.800000000;6;9595833259;B
20240214;100042;1424.400000000;84;9595833297;S
20240214;100042;1424.200000000;31;9595833298;S
20240214;100047;1424.400000000;10;9595834928;B
20240214;100048;1424.400000000;2;9595835452;B
20240214;100048;1424.400000000;4;9595835649;B
20240214;100049;1424.400000000;2;9595835708;B
20240214;100049;1424.400000000;10;9595835861;B
20240214;100052;1424.200000000;2;9595836646;S
20240214;100052;1424.400000000;13;9595836658;B
20240214;100052;1424.200000000;14;9595836659;S
20240214;100052;1424.200000000;9;9595836723;S
20240214;100052;1424.200000000;11;9595836724;S
20240214;100052;1424.400000000;29;9595836784;B
20240214;100053;1424.400000000;14;9595836952;B
20240214;100053;1424.400000000;1;9595836953;B
20240214;100053;1424.800000000;5;9595836954;B
20240214;100053;1424.200000000;17;9595836955;S
20240214;100054;1424.200000000;7;9595837124;S
20240214;100054;1424.200000000;3;9595837125;S
20240214;100056;1424.400000000;1;9595837541;B
20240214;100056;1424.800000000;18;9595837542;B
20240214;100056;1424.800000000;11;9595837543;B
20240214;100057;1424.600000000;1;9595838056;S
20240214;100057;1424.200000000;2;9595838057;S
20240214;100058;1424.800000000;1;9595838215;B
20240214;100058;1424.200000000;10;9595838236;S
20240214;100058;1424.200000000;20;9595838287;S
20240214;100059;1424.200000000;3;9595838376;S
20240214;100059;1424.200000000;3;9595838508;S
20240214;100102;1424.400000000;1;9595839186;B
20240214;100102;1424.600000000;1;9595839187;B
20240214;100102;1424.800000000;5;9595839188;B
20240214;100103;1424.800000000;1;9595839375;B
20240214;100105;1424.400000000;1;9595839834;B
20240214;100106;1424.400000000;1;9595839977;B
20240214;100108;1424.400000000;4;9595840547;B
20240214;100109;1424.400000000;2;9595840668;B
20240214;100110;1424.400000000;18;9595840766;B
20240214;100110;1424.400000000;32;9595840767;B
20240214;100110;1424.200000000;1;9595840860;S
20240214;100110;1424.400000000;4;9595840890;B
20240214;100111;1424.400000000;1;9595841164;B
20240214;100112;1424.400000000;3;9595841432;B
20240214;100113;1424.400000000;2;9595841459;B
20240214;100114;1424.200000000;1;9595841944;S
20240214;100115;1424.200000000;10;9595841991;S
20240214;100115;1424.200000000;7;9595842024;S
20240214;100115;1424.200000000;8;9595842063;S
20240214;100115;1424.200000000;11;9595842064;S
20240214;100115;1424.200000000;5;9595842067;S
20240214;100117;1424.400000000;2;9595842451;B
20240214;100119;1424.400000000;13;9595843052;B
20240214;100119;1424.400000000;10;9595843111;B
20240214;100119;1424.400000000;57;9595843112;B
20240214;100119;1424.400000000;144;9595843113;B
20240214;100119;1424.400000000;10;9595843114;B
20240214;100119;1424.600000000;25;9595843115;B
20240214;100119;1424.600000000;3;9595843116;B
20240214;100119;1424.600000000;34;9595843117;B
20240214;100119;1424.600000000;211;9595843118;B
20240214;100119;1424.800000000;43;9595843119;B
20240214;100119;1424.800000000;5;9595843120;B
20240214;100119;1424.800000000;20;9595843121;B
20240214;100119;1424.800000000;20;9595843122;B
20240214;100119;1424.800000000;1215;9595843123;B
20240214;100119;1424.800000000;50;9595843125;B
20240214;100120;1424.400000000;2;9595843283;S
20240214;100122;1424.400000000;30;9595843681;S
20240214;100125;1424.400000000;2;9595844321;S
20240214;100125;1424.400000000;40;9595844400;S
20240214;100126;1424.800000000;5;9595844427;B
20240214;100126;1424.800000000;2;9595844428;B
20240214;100127;1424.400000000;2;9595844893;S
20240214;100130;1424.800000000;20;9595845826;B
20240214;100131;1424.400000000;5;9595846108;S
20240214;100133;1424.600000000;1;9595846447;B
20240214;100133;1424.800000000;1;9595846448;B
20240214;100136;1424.800000000;2;9595846847;B
20240214;100137;1424.800000000;1;9595847213;B
20240214;100139;1424.600000000;1;9595847472;B
20240214;100143;1424.400000000;211;9595848237;S
20240214;100144;1424.400000000;1;9595848398;S
20240214;100144;1424.400000000;100;9595848470;S
20240214;100147;1424.800000000;205;9595849119;B
20240214;100147;1424.800000000;50;9595849120;B
20240214;100147;1424.800000000;20;9595849121;B
20240214;100147;1424.800000000;15;9595849122;B
20240214;100147;1424.800000000;1;9595849123;B
20240214;100147;1424.800000000;5;9595849124;B
20240214;100147;1424.800000000;4;9595849125;B
20240214;100147;1424.400000000;4;9595849160;S
20240214;100149;1424.800000000;7;9595849390;B
20240214;100149;1424.800000000;1;9595849728;B
20240214;100150;1424.400000000;12;9595849767;S
20240214;100150;1424.400000000;5;9595849768;S
20240214;100150;1424.200000000;3;9595849769;S
20240214;100150;1424.200000000;1;9595849772;S
20240214;100153;1424.600000000;5;9595850620;B
20240214;100153;1424.600000000;3;9595850702;S
20240214;100153;1424.400000000;103;9595850703;S
20240214;100153;1424.200000000;12;9595850704;S
20240214;100153;1424.200000000;3;9595850705;S
20240214;100153;1424.200000000;350;9595850706;S
20240214;100153;1424.200000000;1;9595850707;S
20240214;100153;1424.200000000;25;9595850708;S
20240214;100153;1424.200000000;4;9595850709;S
20240214;100153;1424.200000000;10;9595850710;S
20240214;100153;1424.200000000;1;9595850711;S
20240214;100153;1424.200000000;14;9595850712;S
20240214;100153;1424.000000000;474;9595850713;S
20240214;100153;1424.800000000;13;9595850748;B
20240214;100153;1424.800000000;2;9595850749;B
20240214;100153;1424.800000000;15;9595850750;B
20240214;100154;1424.400000000;100;9595850842;B
20240214;100155;1424.400000000;1;9595851295;B
20240214;100157;1424.400000000;1;9595851637;B
20240214;100201;1424.200000000;1;9595852509;S
20240214;100202;1424.200000000;2;9595852598;S
20240214;100202;1424.200000000;48;9595852699;S
20240214;100202;1424.200000000;2;9595852700;S
20240214;100203;1424.200000000;54;9595852839;S
20240214;100203;1424.200000000;70;9595852840;S
20240214;100203;1424.200000000;26;9595852841;S
20240214;100203;1424.000000000;30;9595852842;S
20240214;100204;1424.400000000;9;9595853033;B
20240214;100205;1424.200000000;56;9595853186;S
20240214;100205;1424.200000000;70;9595853187;S
20240214;100205;1424.200000000;14;9595853188;S
20240214;100207;1424.400000000;1;9595853448;B
20240214;100207;1424.400000000;1;9595853464;B
20240214;100208;1424.400000000;9;9595853784;B
20240214;100208;1424.200000000;1;9595853819;S
20240214;100209;1424.400000000;1;9595853938;B
20240214;100210;1424.400000000;5;9595854109;B
20240214;100211;1424.400000000;1;9595854358;B
20240214;100213;1424.200000000;1;9595854671;S
20240214;100216;1424.400000000;21;9595855343;B
20240214;100216;1424.400000000;14;9595855344;B
20240214;100216;1424.400000000;1;9595855345;B
20240214;100216;1424.600000000;1;9595855346;B
20240214;100216;1424.600000000;25;9595855347;B
20240214;100216;1424.800000000;8;9595855348;B
20240214;100222;1424.200000000;67;9595857217;S
20240214;100222;1424.200000000;70;9595857218;S
20240214;100222;1424.200000000;13;9595857219;S
20240214;100222;1424.200000000;10;9595857220;S
20240214;100222;1424.200000000;20;9595857221;S
20240214;100222;1424.200000000;20;9595857222;S
20240214;100222;1424.200000000;23;9595857223;S
20240214;100222;1424.200000000;500;9595857224;B
20240214;100222;1424.200000000;1;9595857317;B
20240214;100223;1424.000000000;73;9595857439;S
20240214;100224;1424.000000000;393;9595857774;S
20240214;100224;1424.000000000;7;9595857775;S
20240214;100224;1424.000000000;7;9595857776;S
20240214;100224;1424.000000000;2;9595857777;S
20240214;100224;1424.000000000;1;9595857778;S
20240214;100224;1424.000000000;20;9595857779;S
20240214;100224;1424.000000000;11;9595857780;S
20240214;100224;1424.000000000;14;9595857781;S
20240214;100224;1424.000000000;56;9595857782;S
20240214;100224;1424.000000000;5;9595857783;S
20240214;100224;1424.000000000;3;9595857784;S
20240214;100224;1424.000000000;25;9595857785;S
20240214;100224;1424.000000000;13;9595857786;S
20240214;100224;1424.000000000;3;9595857787;S
20240214;100224;1424.000000000;70;9595857788;S
20240214;100224;1423.800000000;56;9595857789;S
20240214;100224;1423.800000000;4;9595857790;S
20240214;100224;1423.600000000;5;9595857791;S
20240214;100224;1423.600000000;80;9595857792;S
20240214;100224;1423.600000000;56;9595857793;S
20240214;100224;1423.600000000;80;9595857794;S
20240214;100224;1423.400000000;26;9595857795;S
20240214;100224;1423.400000000;63;9595857796;S
20240214;100225;1424.000000000;1;9595857986;B
20240214;100228;1423.400000000;77;9595858497;S
20240214;100228;1423.400000000;56;9595858498;S
20240214;100229;1424.000000000;8;9595858643;B
20240214;100231;1424.000000000;6;9595859090;B
20240214;100236;1424.000000000;2;9595859936;B
20240214;100237;1423.400000000;14;9595860265;S
20240214;100237;1423.400000000;140;9595860266;S
20240214;100237;1423.400000000;10;9595860267;S
20240214;100239;1424.000000000;1;9595861005;B
20240214;100241;1423.400000000;1;9595862712;S
20240214;100241;1423.400000000;6;9595862713;S
20240214;100242;1423.400000000;2;9595863073;S
20240214;100243;1423.400000000;1;9595863137;S
20240214;100245;1423.400000000;1;9595863641;S
20240214;100245;1424.000000000;1;9595863647;B
20240214;100246;1423.400000000;30;9595863658;S
20240214;100246;1423.400000000;5;9595863745;S
20240214;100246;1424.000000000;20;9595863794;B
20240214;100246;1424.000000000;159;9595863838;B
20240214;100246;1424.000000000;25;9595863839;B
20240214;100246;1424.000000000;211;9595863840;B
20240214;100246;1424.000000000;50;9595863841;B
20240214;100246;1424.000000000;1;9595863842;B
20240214;100248;1424.000000000;54;9595864158;S
20240214;100248;1424.000000000;16;9595864159;S
20240214;100248;1424.200000000;1;9595864227;B
20240214;100248;1424.000000000;54;9595864274;S
20240214;100248;1423.600000000;25;9595864275;S
20240214;100248;1423.400000000;121;9595864276;S
20240214;100257;1424.200000000;30;9595866686;B
20240214;100258;1424.000000000;1;9595867205;B
20240214;100300;1423.600000000;1;9595867834;S
20240214;100303;1423.600000000;210;9595869028;S
20240214;100303;1423.600000000;25;9595869029;S
20240214;100303;1423.600000000;25;9595869030;S
20240214;100303;1423.600000000;56;9595869031;S
20240214;100303;1423.400000000;56;9595869032;S
20240214;100303;1423.400000000;198;9595869033;S
20240214;100303;1423.400000000;7;9595869034;S
20240214;100303;1423.400000000;140;9595869035;S
20240214;100303;1423.200000000;10;9595869036;S
20240214;100303;1423.200000000;5;9595869037;S
20240214;100303;1423.200000000;7;9595869038;S
20240214;100303;1423.200000000;56;9595869039;S
20240214;100303;1423.200000000;26;9595869040;S
20240214;100303;1423.200000000;59;9595869041;S
20240214;100304;1424.000000000;1;9595869123;B
20240214;100304;1424.000000000;1;9595869124;B
20240214;100304;1424.000000000;98;9595869125;B
20240214;100307;1424.000000000;2;9595869742;B
20240214;100307;1424.000000000;5;9595869808;B
20240214;100307;1424.200000000;36;9595869809;B
20240214;100308;1424.200000000;2;9595869911;B
20240214;100310;1423.600000000;10;9595870441;S
20240214;100310;1423.600000000;36;9595870442;S
20240214;100311;1423.600000000;1;9595870723;B
20240214;100314;1423.600000000;2;9595871328;B
20240214;100314;1423.600000000;51;9595871329;B
20240214;100314;1423.600000000;2;9595871330;B
20240214;100315;1423.600000000;4;9595871569;B
20240214;100315;1424.000000000;1;9595871580;B
20240214;100318;1423.400000000;14;9595872150;S
20240214;100319;1424.000000000;1;9595872651;B
20240214;100319;1424.000000000;3;9595872652;B
20240214;100320;1423.400000000;42;9595872786;S
20240214;100320;1423.400000000;7;9595872787;S
20240214;100320;1423.400000000;25;9595872788;S
20240214;100320;1423.400000000;58;9595872789;S
20240214;100320;1423.400000000;121;9595872790;B
20240214;100320;1423.400000000;29;9595872791;B
20240214;100320;1423.400000000;100;9595872792;B
20240214;100320;1423.400000000;100;9595872793;B
20240214;100320;1423.400000000;100;9595872794;B
20240214;100320;1423.400000000;200;9595872795;B
20240214;100320;1423.400000000;100;9595872796;B
20240214;100320;1423.400000000;1;9595872806;B
20240214;100320;1423.400000000;1;9595872839;B
20240214;100320;1423.400000000;1;9595872866;B
20240214;100321;1423.400000000;4;9595873084;B
20240214;100322;1423.400000000;88;9595873234;B
20240214;100324;1423.400000000;2;9595873969;B
20240214;100324;1423.400000000;13;9595874025;B
20240214;100324;1423.200000000;7;9595874051;S
20240214;100324;1423.400000000;1;9595874070;B
20240214;100324;1423.400000000;10;9595874077;B
20240214;100324;1423.400000000;2;9595874119;B
20240214;100324;1423.400000000;2;9595874120;B
20240214;100324;1423.400000000;1;9595874128;B
20240214;100325;1423.400000000;1;9595874173;B
20240214;100325;1423.400000000;1;9595874318;B
20240214;100326;1423.400000000;2;9595874533;B
20240214;100329;1423.400000000;1;9595875712;B
20240214;100330;1423.200000000;3;9595875816;B
20240214;100330;1423.400000000;2;9595875817;B
20240214;100330;1423.400000000;15;9595875819;B
20240214;100330;1423.200000000;50;9595876392;S
20240214;100331;1423.400000000;18;9595876711;B
20240214;100331;1423.200000000;1;9595876734;S
20240214;100331;1423.400000000;6;9595876887;B
20240214;100332;1423.400000000;2;9595877040;B
20240214;100332;1423.400000000;1;9595877372;B
20240214;100333;1423.400000000;1;9595877432;B
20240214;100333;1423.400000000;4;9595877608;B
20240214;100333;1423.400000000;2;9595877609;B
20240214;100334;1423.400000000;4;9595877942;B
20240214;100334;1423.400000000;1;9595877943;B
20240214;100334;1423.400000000;2;9595878086;B
20240214;100336;1423.400000000;1;9595878672;B
20240214;100339;1423.200000000;1;9595879473;S
20240214;100343;1423.400000000;1;9595880254;B
20240214;100343;1423.400000000;1;9595880330;B
20240214;100344;1423.400000000;1;9595880530;B
20240214;100344;1423.400000000;30;9595880650;B
20240214;100346;1423.200000000;45;9595880837;S
20240214;100346;1423.200000000;17;9595880838;S
20240214;100346;1423.200000000;10;9595880839;S
20240214;100346;1423.000000000;20;9595880840;S
20240214;100346;1423.000000000;57;9595880841;S
20240214;100349;1423.400000000;10;9595881823;B
20240214;100349;1423.400000000;6;9595881873;B
20240214;100350;1423.400000000;10;9595882124;B
20240214;100351;1423.400000000;2;9595882251;B
20240214;100355;1423.400000000;1;9595883293;B
20240214;100355;1423.400000000;1;9595883346;B
20240214;100356;1423.200000000;1;9595883737;S
20240214;100356;1423.000000000;44;9595883738;S
20240214;100357;1423.400000000;2;9595883765;B
20240214;100357;1423.400000000;1;9595883857;B
20240214;100400;1423.200000000;1;9595884859;B
20240214;100401;1423.200000000;19;9595885051;B
20240214;100401;1423.200000000;50;9595885052;B
20240214;100401;1423.400000000;51;9595885053;B
20240214;100402;1423.000000000;1;9595885350;S
20240214;100403;1423.400000000;4;9595885983;B
20240214;100406;1423.400000000;2;9595887299;B
20240214;100407;1423.400000000;1;9595887536;B
20240214;100408;1423.400000000;1;9595887849;B
20240214;100408;1423.400000000;1;9595887865;B
20240214;100410;1423.200000000;211;9595888622;S
20240214;100411;1423.200000000;1;9595888743;B
20240214;100412;1423.200000000;10;9595888881;B
20240214;100413;1423.000000000;200;9595889385;S
20240214;100415;1423.200000000;3;9595890162;B
20240214;100417;1423.200000000;10;9595890792;B
20240214;100418;1423.200000000;1;9595891068;B
20240214;100419;1423.200000000;1;9595891412;B
20240214;100421;1423.000000000;50;9595891735;S
20240214;100421;1423.200000000;163;9595891766;B
20240214;100421;1423.200000000;211;9595891767;B
20240214;100421;1423.200000000;99;9595891768;B
20240214;100421;1423.400000000;1402;9595891769;B
20240214;100421;1423.400000000;1;9595891770;B
20240214;100421;1423.400000000;25;9595891771;B
20240214;100421;1423.400000000;200;9595891772;B
20240214;100421;1423.400000000;2;9595891773;B
20240214;100421;1423.400000000;2;9595891774;B
20240214;100421;1423.400000000;443;9595891775;B
20240214;100421;1423.800000000;26;9595891776;B
20240214;100421;1424.000000000;700;9595891777;B
20240214;100421;1424.000000000;726;9595891778;B
20240214;100421;1423.400000000;25;9595891962;S
20240214;100421;1423.200000000;43;9595891963;S
20240214;100422;1423.800000000;97;9595892003;B
20240214;100422;1423.800000000;33;9595892004;B
20240214;100422;1424.000000000;10;9595892005;B
20240214;100422;1423.200000000;13;9595892122;S
20240214;100422;1423.200000000;4;9595892123;S
20240214;100424;1423.200000000;1;9595892713;S
20240214;100425;1424.000000000;1;9595892872;B
20240214;100427;1423.200000000;1;9595893322;S
20240214;100427;1423.200000000;15;9595893521;S
20240214;100437;1424.000000000;2;9595896012;B
20240214;100442;1423.800000000;49;9595897045;B
20240214;100448;1423.600000000;1;9595898501;B
20240214;100449;1423.600000000;10;9595898673;B
20240214;100450;1423.200000000;28;9595899021;S
20240214;100450;1423.200000000;100;9595899037;S
20240214;100454;1423.600000000;1;9595899914;B
20240214;100454;1423.600000000;5;9595899915;B
20240214;100454;1423.800000000;5;9595899916;B
20240214;100454;1423.800000000;1;9595899959;B
20240214;100455;1423.800000000;1;9595900109;B
20240214;100455;1423.800000000;25;9595900110;B
20240214;100455;1423.800000000;121;9595900111;B
20240214;100455;1423.800000000;3;9595900112;B
20240214;100456;1423.800000000;2;9595900328;B
20240214;100457;1423.800000000;3;9595900421;B
20240214;100459;1423.800000000;1;9595901006;B
20240214;100500;1423.400000000;60;9595901141;S
20240214;100502;1423.800000000;1;9595901569;B
20240214;100502;1423.800000000;29;9595901570;B
20240214;100504;1423.400000000;11;9595902251;S
20240214;100504;1423.400000000;6;9595902252;S
20240214;100504;1423.200000000;1;9595902253;S
20240214;100504;1423.200000000;109;9595902254;S
20240214;100504;1423.200000000;25;9595902255;S
20240214;100504;1423.200000000;10;9595902256;S
20240214;100504;1423.200000000;7;9595902257;S
20240214;100504;1423.200000000;2;9595902258;S
20240214;100504;1423.200000000;99;9595902259;S
20240214;100504;1423.000000000;100;9595902260;S
20240214;100504;1423.000000000;5;9595902261;S
20240214;100504;1423.000000000;25;9595902262;S
20240214;100504;1423.000000000;2;9595902263;S
20240214;100504;1423.000000000;2;9595902264;S
20240214;100504;1423.000000000;70;9595902265;S
20240214;100504;1423.000000000;1;9595902266;S
20240214;100504;1423.000000000;5;9595902267;S
20240214;100504;1423.000000000;1;9595902268;S
20240214;100504;1423.000000000;70;9595902269;S
20240214;100504;1423.000000000;5;9595902270;S
20240214;100504;1423.000000000;444;9595902271;S
20240214;100506;1423.600000000;1;9595902610;S
20240214;100506;1423.800000000;3;9595902621;B
20240214;100507;1423.600000000;1;9595902830;S
20240214;100507;1423.600000000;1;9595902905;S
20240214;100508;1423.600000000;1;9595903192;S
20240214;100509;1423.800000000;5;9595903400;B
20240214;100509;1423.600000000;1;9595903473;S
20240214;100509;1423.600000000;1;9595903541;S
20240214;100510;1423.600000000;1;9595903620;S
20240214;100511;1423.800000000;15;9595903839;B
20240214;100513;1423.800000000;2;9595904736;B
20240214;100513;1423.800000000;2;9595904737;B
20240214;100514;1423.600000000;3;9595904968;S
20240214;100514;1423.000000000;37;9595904969;S
20240214;100516;1423.000000000;3;9595905514;S
20240214;100519;1423.800000000;2;9595906176;B
20240214;100519;1423.800000000;10;9595906208;B
20240214;100520;1423.800000000;1;9595906457;B
20240214;100522;1423.800000000;20;9595906710;B
20240214;100524;1423.600000000;1;9595907177;B
20240214;100525;1423.200000000;60;9595907518;S
20240214;100525;1423.000000000;50;9595907520;S
20240214;100527;1423.600000000;3;9595908006;B
20240214;100528;1423.200000000;10;9595908251;S
20240214;100528;1423.200000000;211;9595908252;S
20240214;100528;1423.000000000;407;9595908253;S
20240214;100528;1423.600000000;1;9595908293;B
20240214;100529;1423.600000000;1;9595908575;B
20240214;100539;1423.600000000;4;9595910899;B
20240214;100539;1423.600000000;1;9595910900;B
20240214;100541;1423.600000000;2;9595911418;B
20240214;100543;1423.600000000;1;9595911837;B
20240214;100544;1423.800000000;1;9595912090;B
20240214;100544;1423.800000000;9;9595912091;B
20240214;100546;1423.200000000;7;9595912547;S
20240214;100547;1423.200000000;5;9595912921;S
20240214;100547;1423.000000000;14;9595912922;S
20240214;100547;1423.000000000;45;9595912923;S
20240214;100547;1423.000000000;6;9595912924;S
20240214;100547;1423.000000000;2;9595912925;S
20240214;100547;1423.000000000;37;9595912926;S
20240214;100549;1423.400000000;2;9595913623;B
20240214;100551;1423.200000000;1;9595913908;B
20240214;100556;1423.200000000;3;9595915043;B
20240214;100556;1423.400000000;26;9595915044;B
20240214;100556;1423.000000000;63;9595915076;S
20240214;100556;1423.000000000;2;9595915077;S
20240214;100556;1423.000000000;1;9595915078;S
20240214;100556;1423.000000000;25;9595915079;S
20240214;100556;1422.600000000;20;9595915086;S
20240214;100557;1422.600000000;15;9595915313;S
20240214;100600;1423.000000000;9;9595915997;B
20240214;100600;1423.200000000;43;9595915998;B
20240214;100600;1423.200000000;3;9595915999;B
20240214;100602;1423.200000000;1;9595916478;S
20240214;100602;1423.600000000;1;9595916496;B
20240214;100604;1423.600000000;25;9595917023;B
20240214;100604;1423.600000000;260;9595917024;B
20240214;100604;1423.800000000;8;9595917025;B
20240214;100604;1423.800000000;56;9595917026;B
20240214;100604;1423.800000000;170;9595917027;B
20240214;100604;1423.800000000;59;9595917028;B
20240214;100604;1424.000000000;22;9595917029;B
20240214;100605;1423.200000000;140;9595917124;S
20240214;100607;1423.200000000;73;9595917704;S
20240214;100607;1423.200000000;1;9595917705;S
20240214;100607;1423.200000000;7;9595917706;S
20240214;100607;1423.000000000;14;9595917707;S
20240214;100607;1422.800000000;26;9595917708;S
20240214;100607;1422.800000000;126;9595917709;S
20240214;100609;1423.400000000;9;9595918170;B
20240214;100611;1423.200000000;1;9595918581;B
20240214;100613;1423.200000000;2;9595919081;B
20240214;100614;1423.200000000;4;9595919281;B
20240214;100614;1423.200000000;7;9595919303;B
20240214;100614;1423.200000000;8;9595919304;B
20240214;100615;1423.200000000;1;9595919394;B
20240214;100615;1423.200000000;1;9595919399;B
20240214;100615;1423.400000000;5;9595919400;B
20240214;100615;1423.600000000;4;9595919401;B
20240214;100618;1423.000000000;1;9595920123;S
20240214;100619;1422.800000000;1;9595920360;S
20240214;100620;1423.000000000;1;9595920791;B
20240214;100626;1423.000000000;1;9595922244;B
20240214;100626;1422.800000000;3;9595922277;S
20240214;100628;1422.800000000;21;9595922792;S
20240214;100628;1422.800000000;9;9595922793;S
20240214;100632;1423.000000000;1;9595923666;B
20240214;100635;1422.800000000;1;9595924174;S
20240214;100635;1423.000000000;2;9595924196;B
20240214;100637;1423.000000000;1;9595924449;B
20240214;100637;1423.000000000;2;9595924548;B
20240214;100638;1423.000000000;2;9595924840;B
20240214;100640;1423.000000000;3;9595925260;B
20240214;100643;1423.000000000;13;9595925937;B
20240214;100643;1423.000000000;7;9595925993;B
20240214;100643;1422.800000000;5;9595926119;S
20240214;100644;1423.000000000;1;9595926216;B
20240214;100645;1423.000000000;1;9595926580;B
20240214;100646;1423.000000000;1;9595926650;B
20240214;100649;1422.800000000;3;9595927343;S
20240214;100651;1423.000000000;1;9595927771;B
20240214;100654;1423.000000000;1;9595928553;B
20240214;100654;1423.000000000;20;9595928567;B
20240214;100654;1423.000000000;2;9595928616;B
20240214;100655;1423.000000000;1;9595928655;B
20240214;100655;1422.800000000;60;9595928828;S
20240214;100657;1422.800000000;1;9595929112;S
20240214;100658;1423.000000000;2;9595929472;B
20240214;100701;1423.000000000;1;9595930458;B
20240214;100704;1422.800000000;2;9595931055;S
20240214;100709;1422.800000000;10;9595932549;S
20240214;100710;1423.000000000;3;9595932920;B
20240214;100711;1422.800000000;9;9595933045;S
20240214;100711;1422.800000000;1;9595933046;S
20240214;100711;1422.800000000;60;9595933047;S
20240214;100711;1422.800000000;6;9595933059;S
20240214;100712;1423.000000000;1;9595933267;B
20240214;100712;1423.000000000;2;9595933404;B
20240214;100714;1422.800000000;1;9595933898;S
20240214;100715;1423.000000000;2;9595934063;B
20240214;100716;1423.000000000;30;9595934362;B
20240214;100717;1422.800000000;10;9595934605;S
20240214;100718;1423.000000000;1;9595934783;B
20240214;100719;1423.000000000;200;9595935262;B
20240214;100720;1422.800000000;7;9595935422;S
20240214;100720;1423.000000000;1;9595935460;B
20240214;100722;1423.000000000;1;9595935964;B
20240214;100722;1423.000000000;2;9595936128;B
20240214;100724;1423.000000000;10;9595936635;B
20240214;100724;1423.000000000;3;9595936636;B
20240214;100724;1423.000000000;2;9595936637;B
20240214;100724;1423.000000000;20;9595936638;B
20240214;100724;1423.000000000;10;9595936639;B
20240214;100724;1423.000000000;1;9595936640;B
20240214;100724;1423.200000000;2;9595936641;B
20240214;100724;1423.200000000;1;9595936642;B
20240214;100724;1423.200000000;1;9595936643;B
20240214;100724;1423.400000000;1;9595936704;B
20240214;100727;1423.000000000;3;9595937494;S
20240214;100727;1423.400000000;1;9595937497;B
20240214;100728;1423.400000000;5;9595937662;B
20240214;100729;1423.400000000;10;9595937857;B
20240214;100730;1423.000000000;15;9595938123;S
20240214;100731;1423.000000000;1;9595938176;B
20240214;100733;1423.000000000;8;9595938882;B
20240214;100733;1423.000000000;10;9595938912;B
20240214;100734;1423.000000000;16;9595939109;B
20240214;100739;1423.000000000;1;9595940054;B
20240214;100740;1422.800000000;18;9595940090;S
20240214;100740;1422.800000000;2;9595940091;S
20240214;100742;1423.000000000;2;9595940497;B
20240214;100743;1422.800000000;20;9595940794;S
20240214;100744;1422.800000000;1;9595941084;S
20240214;100745;1423.000000000;47;9595941254;B
20240214;100745;1423.000000000;3;9595941255;B
20240214;100745;1422.800000000;5;9595941285;S
20240214;100745;1423.000000000;1;9595941308;B
20240214;100746;1423.000000000;5;9595941495;B
20240214;100747;1422.800000000;1;9595941625;S
20240214;100748;1423.000000000;1;9595941790;B
20240214;100749;1423.000000000;2;9595941906;B
20240214;100749;1423.000000000;1;9595942062;B
20240214;100751;1422.800000000;21;9595942224;S
20240214;100751;1422.800000000;9;9595942225;S
20240214;100751;1422.800000000;1;9595942305;S
20240214;100751;1422.800000000;3;9595942306;S
20240214;100751;1422.800000000;1;9595942339;B
20240214;100752;1422.800000000;2;9595942472;B
20240214;100752;1422.800000000;77;9595942521;B
20240214;100754;1422.800000000;3;9595942755;B
20240214;100759;1422.600000000;70;9595943885;S
20240214;100800;1422.600000000;87;9595944023;S
20240214;100800;1422.600000000;3;9595944150;S
20240214;100802;1422.600000000;2;9595944371;S
20240214;100802;1422.800000000;10;9595944400;B
20240214;100802;1422.800000000;1;9595944448;B
20240214;100805;1422.800000000;1;9595945186;B
20240214;100805;1422.800000000;1;9595945289;B
20240214;100806;1422.600000000;1;9595945367;S
20240214;100809;1422.800000000;1;9595946121;B
20240214;100812;1422.800000000;1;9595946494;B
20240214;100812;1422.800000000;2;9595946517;B
20240214;100812;1422.800000000;1;9595946528;B
20240214;100812;1422.600000000;11;9595946581;S
20240214;100814;1422.600000000;50;9595946802;S
20240214;100817;1422.800000000;100;9595947503;B
20240214;100819;1422.800000000;9;9595947814;B
20240214;100819;1422.800000000;1;9595947917;B
20240214;100820;1422.800000000;1;9595948017;B
20240214;100821;1422.800000000;1;9595948076;B
20240214;100822;1422.800000000;3;9595948353;B
20240214;100823;1422.600000000;41;9595948369;S
20240214;100823;1422.600000000;5;9595948370;S
20240214;100823;1422.600000000;5;9595948371;S
20240214;100823;1422.600000000;5;9595948372;S
20240214;100823;1422.600000000;5;9595948373;S
20240214;100823;1422.600000000;10;9595948374;S
20240214;100823;1422.600000000;1;9595948375;S
20240214;100823;1422.600000000;23;9595948376;S
20240214;100823;1422.600000000;2;9595948377;S
20240214;100823;1422.600000000;10;9595948378;S
20240214;100823;1422.600000000;1;9595948379;S
20240214;100823;1422.600000000;25;9595948380;S
20240214;100823;1422.600000000;1;9595948404;B
20240214;100823;1422.600000000;1;9595948419;B
20240214;100823;1422.600000000;2;9595948552;B
20240214;100823;1422.600000000;5;9595948611;B
20240214;100824;1422.600000000;1;9595948638;B
20240214;100825;1422.600000000;1;9595948789;B
20240214;100829;1422.400000000;1;9595949668;S
20240214;100829;1422.600000000;1;9595949779;B
20240214;100829;1422.400000000;1;9595949795;S
20240214;100829;1422.200000000;1;9595949796;S
20240214;100829;1422.200000000;72;9595949797;S
20240214;100829;1422.200000000;20;9595949798;S
20240214;100829;1422.000000000;5;9595949799;S
20240214;100829;1422.000000000;1;9595949800;S
20240214;100829;1422.000000000;1;9595949801;S
20240214;100829;1422.000000000;10;9595949802;S
20240214;100829;1422.000000000;20;9595949803;S
20240214;100829;1422.000000000;1;9595949804;S
20240214;100829;1422.000000000;1;9595949805;S
20240214;100829;1422.000000000;1;9595949806;S
20240214;100829;1422.000000000;1;9595949807;S
20240214;100829;1422.000000000;3;9595949821;S
20240214;100829;1422.000000000;1;9595949822;S
20240214;100829;1422.000000000;1;9595949823;S
20240214;100829;1422.000000000;1;9595949824;S
20240214;100829;1422.000000000;1;9595949825;S
20240214;100830;1422.000000000;1;9595949855;S
20240214;100830;1422.000000000;1;9595950049;S
20240214;100831;1422.200000000;1;9595950257;B
20240214;100831;1422.200000000;9;9595950258;B
20240214;100832;1422.400000000;3;9595950459;B
20240214;100833;1422.400000000;6;9595950508;B
20240214;100834;1422.200000000;4;9595950669;B
20240214;100834;1422.400000000;1;9595950790;B
20240214;100835;1422.400000000;1;9595951176;B
20240214;100837;1422.000000000;1;9595951413;S
20240214;100838;1422.000000000;5;9595951583;S
20240214;100838;1422.200000000;4;9595951777;B
20240214;100839;1422.400000000;9;9595951818;B
20240214;100841;1422.000000000;1;9595952208;S
20240214;100842;1422.200000000;1;9595952263;B
20240214;100842;1422.000000000;1;9595952264;S
20240214;100842;1422.000000000;3;9595952265;S
20240214;100842;1422.000000000;15;9595952266;S
20240214;100842;1422.000000000;10;9595952267;S
20240214;100842;1422.000000000;1;9595952268;S
20240214;100842;1422.000000000;2;9595952269;S
20240214;100842;1422.000000000;15;9595952270;S
20240214;100842;1422.000000000;1;9595952271;S
20240214;100842;1422.000000000;10;9595952272;S
20240214;100842;1422.000000000;9;9595952273;S
20240214;100842;1422.000000000;25;9595952274;S
20240214;100842;1422.000000000;100;9595952275;S
20240214;100842;1422.000000000;2;9595952276;S
20240214;100842;1422.000000000;2;9595952277;S
20240214;100842;1422.000000000;42;9595952278;S
20240214;100842;1422.000000000;5;9595952279;S
20240214;100842;1422.000000000;1;9595952280;S
20240214;100842;1422.000000000;1;9595952281;S
20240214;100842;1422.000000000;5;9595952282;S
20240214;100843;1422.000000000;2;9595952412;S
20240214;100843;1422.400000000;14;9595952432;B
20240214;100843;1422.400000000;1;9595952478;B
20240214;100843;1422.400000000;21;9595952511;B
20240214;100844;1422.200000000;4;9595952726;B
20240214;100845;1422.200000000;1;9595952884;B
20240214;100848;1422.400000000;1;9595953461;B
20240214;100848;1422.400000000;1;9595953541;B
20240214;100849;1422.400000000;5;9595953551;B
20240214;100849;1422.400000000;1;9595953569;B
20240214;100849;1422.200000000;2;9595953588;S
20240214;100849;1422.000000000;3;9595953589;S
20240214;100849;1422.000000000;4;9595953590;S
20240214;100849;1422.000000000;100;9595953591;S
20240214;100849;1422.000000000;5;9595953592;S
20240214;100849;1422.000000000;3;9595953593;S
20240214;100849;1422.000000000;10;9595953594;S
20240214;100849;1422.000000000;1;9595953595;S
20240214;100849;1422.000000000;3;9595953596;S
20240214;100849;1422.000000000;1;9595953597;S
20240214;100849;1422.000000000;2;9595953598;S
20240214;100849;1422.000000000;5;9595953599;S
20240214;100849;1422.000000000;1;9595953600;S
20240214;100849;1422.000000000;3;9595953601;S
20240214;100849;1422.000000000;1;9595953602;S
20240214;100849;1422.000000000;7;9595953603;S
20240214;100849;1422.000000000;1;9595953604;S
20240214;100849;1422.000000000;1;9595953605;S
20240214;100849;1422.000000000;5;9595953606;S
20240214;100849;1422.000000000;3;9595953607;S
20240214;100849;1421.800000000;3;9595953608;S
20240214;100849;1421.800000000;1;9595953609;S
20240214;100849;1421.800000000;1;9595953646;S
20240214;100849;1421.800000000;2;9595953707;S
20240214;100849;1421.600000000;11;9595953708;S
20240214;100849;1421.600000000;10;9595953709;S
20240214;100849;1421.400000000;56;9595953710;S
20240214;100849;1421.400000000;1;9595953711;S
20240214;100849;1421.400000000;120;9595953712;S
20240214;100850;1421.400000000;56;9595953813;S
20240214;100850;1421.200000000;25;9595953814;S
20240214;100850;1421.200000000;56;9595953815;S
20240214;100850;1421.200000000;1;9595953816;S
20240214;100850;1421.000000000;2;9595953817;S
20240214;100850;1421.000000000;1;9595953824;S
20240214;100850;1421.000000000;8;9595953825;S
20240214;100850;1421.200000000;7;9595953877;S
20240214;100850;1421.000000000;10;9595953878;S
20240214;100850;1421.400000000;10;9595953882;B
20240214;100851;1421.400000000;50;9595953927;B
20240214;100851;1421.400000000;20;9595953970;B
20240214;100851;1421.200000000;60;9595954058;B
20240214;100851;1421.000000000;22;9595954065;S
20240214;100851;1421.000000000;5;9595954066;S
20240214;100851;1421.000000000;4;9595954067;S
20240214;100851;1421.000000000;1;9595954068;S
20240214;100852;1421.000000000;74;9595954238;S
20240214;100852;1421.000000000;1;9595954239;S
20240214;100852;1421.000000000;3;9595954240;S
20240214;100852;1421.000000000;1;9595954241;S
20240214;100852;1421.000000000;140;9595954242;S
20240214;100852;1421.000000000;141;9595954243;S
20240214;100852;1421.200000000;1;9595954246;B
20240214;100854;1421.000000000;1;9595954721;B
20240214;100854;1421.000000000;16;9595954725;B
20240214;100854;1421.000000000;1;9595954727;B
20240214;100854;1421.000000000;1;9595954741;B
20240214;100854;1421.000000000;4;9595954760;B
20240214;100855;1420.800000000;1;9595954903;B
20240214;100855;1420.800000000;1;9595954943;B
20240214;100855;1420.600000000;5;9595954999;S
20240214;100855;1420.600000000;3;9595955000;S
20240214;100855;1420.600000000;1;9595955001;S
20240214;100855;1420.600000000;1;9595955002;S
20240214;100855;1420.800000000;14;9595955025;B
20240214;100856;1420.800000000;100;9595955239;B
20240214;100856;1420.600000000;1;9595955249;S
20240214;100857;1420.800000000;1;9595955501;B
20240214;100858;1420.800000000;1;9595955655;B
20240214;100858;1420.800000000;50;9595955675;B
20240214;100858;1420.800000000;2;9595955755;B
20240214;100859;1420.800000000;1;9595955915;B
20240214;100859;1420.800000000;7;9595955917;B
20240214;100859;1420.600000000;1;9595955988;S
20240214;100859;1420.600000000;3;9595955989;S
20240214;100900;1421.000000000;1;9595956098;B
20240214;100900;1421.000000000;1;9595956164;B
20240214;100901;1421.000000000;9;9595956370;B
20240214;100901;1421.400000000;1;9595956465;B
20240214;100901;1421.400000000;10;9595956501;B
20240214;100901;1421.400000000;4;9595956507;B
20240214;100902;1421.000000000;77;9595956575;B
20240214;100902;1421.400000000;3;9595956576;B
20240214;100903;1420.800000000;1;9595956748;B
20240214;100904;1420.800000000;34;9595956912;B
20240214;100905;1420.800000000;3;9595956982;B
20240214;100905;1420.800000000;2;9595957005;B
20240214;100905;1420.800000000;3;9595957041;B
20240214;100905;1420.800000000;1;9595957120;B
20240214;100905;1420.800000000;56;9595957159;B
20240214;100905;1420.800000000;1;9595957160;B
20240214;100905;1421.400000000;8;9595957161;B
20240214;100905;1421.600000000;21;9595957162;B
20240214;100905;1421.600000000;14;9595957163;B
20240214;100906;1421.200000000;1;9595957208;B
20240214;100906;1421.200000000;14;9595957389;B
20240214;100907;1421.200000000;10;9595957528;B
20240214;100907;1421.200000000;22;9595957618;B
20240214;100908;1421.200000000;9;9595957750;B
20240214;100908;1420.600000000;1;9595957796;S
20240214;100910;1421.200000000;2;9595958116;B
20240214;100911;1421.200000000;1;9595958339;B
20240214;100911;1421.200000000;1;9595958340;B
20240214;100913;1421.600000000;5;9595958820;B
20240214;100913;1421.600000000;1;9595958839;B
20240214;100913;1421.600000000;16;9595958854;B
20240214;100913;1421.600000000;7;9595958855;B
20240214;100913;1421.600000000;1;9595958865;B
20240214;100914;1421.600000000;3;9595959228;B
20240214;100915;1421.600000000;3;9595959451;B
20240214;100916;1421.600000000;3;9595959524;B
20240214;100916;1421.600000000;3;9595959574;B
20240214;100917;1421.600000000;3;9595959749;B
20240214;100917;1421.600000000;16;9595959773;B
20240214;100917;1421.600000000;1;9595959774;B
20240214;100917;1421.800000000;83;9595959775;B
20240214;100917;1421.800000000;1;9595959822;B
20240214;100919;1421.800000000;6;9595960022;B
20240214;100920;1421.200000000;4;9595960240;S
20240214;100920;1421.800000000;3;9595960258;B
20240214;100921;1421.800000000;8;9595960409;B
20240214;100922;1421.200000000;6;9595960650;S
20240214;100922;1421.200000000;24;9595960651;S
20240214;100924;1421.200000000;3;9595960929;S
20240214;100924;1421.200000000;6;9595960931;S
20240214;100926;1422.000000000;4;9595961248;B
20240214;100926;1422.000000000;1;9595961287;B
20240214;100927;1422.000000000;3;9595961423;B
20240214;100927;1422.000000000;1;9595961459;B
20240214;100928;1422.000000000;10;9595961619;B
20240214;100928;1422.000000000;1;9595961645;B
20240214;100929;1422.000000000;1;9595961716;B
20240214;100930;1422.000000000;60;9595961866;B
20240214;100930;1422.000000000;75;9595961870;B
20240214;100930;1421.800000000;20;9595961880;S
20240214;100930;1421.800000000;20;9595961881;S
20240214;100931;1422.000000000;10;9595961973;B
20240214;100931;1421.800000000;1;9595962016;S
20240214;100931;1421.600000000;2;9595962017;S
20240214;100931;1421.600000000;1;9595962018;S
20240214;100931;1421.600000000;1;9595962019;S
20240214;100931;1421.600000000;55;9595962020;S
20240214;100932;1422.000000000;2;9595962262;B
20240214;100932;1422.000000000;5;9595962345;B
20240214;100934;1422.000000000;1;9595962556;B
20240214;100934;1422.000000000;100;9595962736;B
20240214;100935;1422.000000000;35;9595962954;B
20240214;100935;1422.000000000;56;9595962955;B
20240214;100935;1422.000000000;1;9595962956;B
20240214;100935;1422.200000000;56;9595962957;B
20240214;100935;1422.400000000;5;9595962958;B
20240214;100935;1422.400000000;56;9595962959;B
20240214;100935;1422.400000000;97;9595962960;B
20240214;100935;1422.400000000;25;9595962961;B
20240214;100935;1422.400000000;152;9595962962;B
20240214;100935;1422.600000000;289;9595962963;B
20240214;100935;1422.600000000;60;9595962964;B
20240214;100935;1422.600000000;5;9595962965;B
20240214;100935;1422.600000000;140;9595962966;B
20240214;100935;1422.800000000;23;9595962967;B
20240214;100936;1422.800000000;1;9595963105;B
20240214;100937;1422.800000000;10;9595963185;B
20240214;100940;1422.600000000;1;9595963703;B
20240214;100943;1422.600000000;5;9595964145;B
20240214;100943;1422.600000000;1;9595964276;B
20240214;100944;1422.600000000;4;9595964464;B
20240214;100944;1422.600000000;2;9595964511;B
20240214;100945;1422.600000000;1;9595964558;B
20240214;100947;1422.600000000;40;9595964980;B
20240214;100947;1422.600000000;1;9595965034;B
20240214;100947;1422.200000000;4;9595965045;S
20240214;100947;1422.000000000;2;9595965046;S
20240214;100947;1422.000000000;15;9595965047;S
20240214;100947;1422.000000000;8;9595965048;S
20240214;100947;1422.000000000;1;9595965049;S
20240214;100948;1422.600000000;1;9595965124;B
20240214;100948;1422.600000000;5;9595965202;B
20240214;100949;1422.000000000;1;9595965236;S
20240214;100949;1422.000000000;4;9595965237;S
20240214;100949;1421.800000000;5;9595965238;S
20240214;100949;1422.600000000;11;9595965296;B
20240214;100950;1422.200000000;211;9595965374;S
20240214;100950;1422.200000000;89;9595965375;S
20240214;100950;1421.800000000;21;9595965384;S
20240214;100950;1421.800000000;198;9595965385;S
20240214;100950;1421.800000000;1;9595965386;S
20240214;100950;1421.800000000;15;9595965387;S
20240214;100950;1421.800000000;25;9595965388;S
20240214;100950;1421.800000000;140;9595965389;S
20240214;100951;1422.600000000;1;9595965620;B
20240214;100953;1422.600000000;1;9595965925;B
20240214;100953;1422.600000000;1;9595965948;B
20240214;100955;1422.200000000;10;9595966502;B
20240214;100955;1422.000000000;30;9595966650;S
20240214;100956;1422.200000000;2;9595966731;B
20240214;100956;1422.200000000;50;9595966735;B
20240214;100956;1422.400000000;1;9595966747;B
20240214;100956;1422.600000000;2;9595966748;B
20240214;100956;1422.600000000;1;9595966832;B
20240214;100957;1422.200000000;66;9595966884;S
20240214;100957;1422.200000000;1;9595966885;S
20240214;100957;1422.600000000;34;9595966891;B
20240214;100957;1422.600000000;138;9595966892;B
20240214;100957;1422.600000000;28;9595966893;B
20240214;100957;1422.600000000;5;9595966895;B
20240214;100957;1422.600000000;107;9595967006;B
20240214;100957;1422.600000000;1;9595967007;B
20240214;100957;1422.600000000;56;9595967008;B
20240214;100957;1422.800000000;31;9595967009;B
20240214;100957;1422.800000000;5;9595967010;B
20240214;100958;1422.600000000;20;9595967064;B
20240214;101000;1422.200000000;121;9595967408;S
20240214;101000;1422.600000000;1;9595967530;B
20240214;101001;1422.600000000;1;9595967680;B
20240214;101005;1422.600000000;1;9595968322;B
20240214;101009;1422.600000000;2;9595968921;B
20240214;101009;1422.600000000;1;9595968927;B
20240214;101009;1422.600000000;1;9595969066;B
20240214;101009;1422.600000000;1;9595969104;B
20240214;101010;1422.400000000;5;9595969180;S
20240214;101011;1422.400000000;206;9595969392;S
20240214;101011;1422.400000000;8;9595969393;S
20240214;101012;1422.400000000;5;9595969644;B
20240214;101012;1422.400000000;15;9595969645;B
20240214;101012;1422.400000000;3;9595969683;B
20240214;101013;1422.400000000;1;9595969782;B
20240214;101014;1422.400000000;1;9595969964;B
20240214;101015;1422.400000000;1;9595970119;B
20240214;101015;1422.400000000;1;9595970184;B
20240214;101015;1422.400000000;1;9595970209;B
20240214;101018;1422.400000000;2;9595970565;B
20240214;101019;1422.400000000;1;9595970863;B
20240214;101020;1422.400000000;22;9595970907;B
20240214;101020;1422.200000000;10;9595970999;S
20240214;101020;1422.200000000;2;9595971000;S
20240214;101020;1422.200000000;4;9595971001;S
20240214;101021;1422.400000000;2;9595971063;B
20240214;101021;1422.600000000;33;9595971064;B
20240214;101021;1422.600000000;1;9595971072;B
20240214;101021;1422.600000000;2;9595971103;B
20240214;101021;1422.200000000;4;9595971108;S
20240214;101021;1422.000000000;13;9595971109;S
20240214;101022;1422.000000000;2;9595971357;S
20240214;101024;1422.000000000;1;9595971517;S
20240214;101026;1422.600000000;29;9595971943;B
20240214;101026;1422.600000000;1;9595971944;B
20240214;101026;1422.600000000;3;9595971945;B
20240214;101026;1422.600000000;12;9595971946;B
20240214;101026;1422.800000000;1;9595971947;B
20240214;101026;1422.800000000;4;9595971969;B
20240214;101026;1422.800000000;5;9595971970;B
20240214;101026;1422.800000000;5;9595971971;B
20240214;101026;1422.800000000;16;9595971972;B
20240214;101027;1422.800000000;2;9595972218;B
20240214;101028;1422.800000000;1;9595972445;B
20240214;101031;1422.800000000;35;9595972949;B
20240214;101034;1422.800000000;12;9595973462;B
20240214;101036;1422.800000000;1;9595973736;B
20240214;101037;1422.800000000;1;9595973786;B
20240214;101038;1422.800000000;1;9595973965;B
20240214;101038;1422.800000000;3;9595974013;B
20240214;101039;1422.800000000;6;9595974228;B
20240214;101040;1422.800000000;1;9595974367;B
20240214;101040;1422.800000000;56;9595974368;B
20240214;101040;1422.800000000;26;9595974369;B
20240214;101040;1422.800000000;5;9595974370;B
20240214;101041;1422.800000000;1;9595974514;B
20240214;101041;1422.800000000;1;9595974683;B
20240214;101042;1422.800000000;1;9595974753;B
20240214;101043;1422.800000000;7;9595975006;B
20240214;101044;1422.800000000;1;9595975223;B
20240214;101044;1422.800000000;6;9595975228;B
20240214;101045;1422.800000000;1;9595975283;B
20240214;101045;1422.600000000;235;9595975361;S
20240214;101045;1422.600000000;18;9595975362;S
20240214;101045;1422.600000000;1;9595975363;S
20240214;101045;1422.600000000;32;9595975364;S
20240214;101048;1422.800000000;3;9595975823;B
20240214;101048;1422.800000000;1;9595975881;B
20240214;101049;1422.800000000;2;9595976095;B
20240214;101049;1422.800000000;1;9595976098;B
20240214;101052;1422.400000000;2;9595976577;S
20240214;101052;1422.400000000;2;9595976578;S
20240214;101052;1422.400000000;1;9595976579;S
20240214;101052;1422.400000000;1;9595976580;S
20240214;101052;1422.200000000;1;9595976581;S
20240214;101052;1422.200000000;12;9595976582;S
20240214;101052;1422.000000000;11;9595976583;S
20240214;101053;1422.800000000;40;9595976696;B
20240214;101053;1422.800000000;39;9595976697;B
20240214;101054;1422.600000000;2;9595976985;B
20240214;101055;1422.600000000;31;9595977091;B
20240214;101057;1422.800000000;1;9595977443;B
20240214;101058;1422.800000000;1;9595977504;B
20240214;101059;1422.800000000;1;9595977650;B
20240214;101059;1422.600000000;2;9595977675;S
20240214;101059;1422.800000000;6;9595977676;B
20240214;101100;1422.800000000;1;9595977819;B
20240214;101100;1422.800000000;2;9595977820;B
20240214;101100;1422.800000000;19;9595977837;B
20240214;101102;1423.000000000;1;9595978155;B
20240214;101103;1423.000000000;1;9595978308;B
20240214;101103;1423.000000000;1;9595978352;B
20240214;101104;1423.000000000;48;9595978439;B
20240214;101104;1423.000000000;6;9595978440;B
20240214;101104;1423.000000000;33;9595978441;B
20240214;101104;1423.000000000;5;9595978442;B
20240214;101104;1423.000000000;8;9595978443;B
20240214;101104;1423.200000000;1;9595978444;B
20240214;101104;1423.200000000;10;9595978445;B
20240214;101104;1423.200000000;5;9595978446;B
20240214;101104;1423.400000000;5;9595978447;B
20240214;101104;1423.400000000;29;9595978448;B
20240214;101105;1423.400000000;2;9595978640;B
20240214;101108;1423.400000000;10;9595979187;B
20240214;101109;1423.400000000;110;9595979449;B
20240214;101112;1423.400000000;1;9595979926;B
20240214;101112;1423.400000000;2;9595979955;B
20240214;101115;1423.400000000;1;9595980301;B
20240214;101115;1422.800000000;2;9595980390;S
20240214;101115;1422.800000000;9;9595980391;S
20240214;101115;1422.800000000;211;9595980392;S
20240214;101117;1423.000000000;5;9595981224;S
20240214;101119;1423.600000000;10;9595981673;B
20240214;101119;1423.600000000;32;9595981698;B
20240214;101119;1423.600000000;5;9595981699;B
20240214;101119;1423.600000000;120;9595981700;B
20240214;101119;1423.800000000;1;9595981701;B
20240214;101119;1423.800000000;198;9595981702;B
20240214;101119;1423.800000000;140;9595981703;B
20240214;101119;1423.800000000;11;9595981704;B
20240214;101119;1423.800000000;25;9595981705;B
20240214;101119;1424.000000000;138;9595981706;B
20240214;101119;1423.800000000;25;9595981813;B
20240214;101119;1423.800000000;5;9595981814;B
20240214;101119;1423.800000000;40;9595981850;B
20240214;101123;1423.400000000;1;9595982486;B
20240214;101124;1423.200000000;1;9595982638;B
20240214;101126;1423.000000000;10;9595982885;S
20240214;101130;1423.200000000;1;9595983528;B
20240214;101131;1423.000000000;196;9595983661;S
20240214;101131;1423.000000000;2;9595983662;S
20240214;101131;1423.000000000;20;9595983663;S
20240214;101131;1423.000000000;1;9595983704;S
20240214;101132;1423.000000000;1;9595983794;S
20240214;101132;1423.000000000;24;9595983795;S
20240214;101132;1423.200000000;7;9595983940;B
20240214;101132;1423.200000000;17;9595983941;B
20240214;101132;1423.200000000;8;9595983942;B
20240214;101132;1423.400000000;24;9595983943;B
20240214;101132;1423.600000000;25;9595983944;B
20240214;101132;1423.600000000;31;9595983945;B
20240214;101133;1423.800000000;2;9595983994;B
20240214;101133;1423.800000000;25;9595984054;B
20240214;101133;1424.000000000;26;9595984055;B
20240214;101138;1423.800000000;5;9595984828;B
20240214;101138;1424.000000000;175;9595984829;B
20240214;101139;1423.600000000;2;9595984982;S
20240214;101143;1424.000000000;4;9595985592;B
20240214;101144;1423.800000000;5;9595985764;B
20240214;101144;1424.000000000;396;9595985765;B
20240214;101144;1424.000000000;50;9595985766;B
20240214;101144;1424.000000000;175;9595985767;B
20240214;101144;1424.000000000;47;9595985768;B
20240214;101146;1423.600000000;209;9595986074;S
20240214;101146;1424.000000000;3;9595986166;B
20240214;101146;1424.000000000;17;9595986167;B
20240214;101146;1424.000000000;10;9595986168;B
20240214;101146;1424.000000000;20;9595986169;B
20240214;101148;1424.000000000;10;9595986494;B
20240214;101149;1424.000000000;1;9595986652;B
20240214;101150;1424.000000000;9;9595986881;B
20240214;101151;1424.000000000;10;9595986980;B
20240214;101151;1424.000000000;20;9595986981;B
20240214;101152;1423.800000000;60;9595987217;S
20240214;101152;1423.800000000;3;9595987218;S
20240214;101152;1423.800000000;113;9595987219;S
20240214;101152;1423.600000000;35;9595987220;S
20240214;101154;1424.000000000;19;9595987636;B
20240214;101154;1424.000000000;24;9595987637;B
20240214;101155;1424.000000000;1;9595987767;B
20240214;101155;1424.000000000;14;9595987768;B
20240214;101156;1424.000000000;20;9595987897;B
20240214;101157;1424.000000000;20;9595988137;B
20240214;101159;1424.000000000;1;9595988509;B
20240214;101200;1424.000000000;65;9595988661;B
20240214;101200;1424.000000000;5;9595988662;B
20240214;101201;1424.000000000;1;9595988785;B
20240214;101203;1424.000000000;20;9595989203;B
20240214;101204;1424.000000000;1;9595989294;B
20240214;101205;1424.000000000;2;9595989496;B
20240214;101205;1424.000000000;1;9595989577;B
20240214;101207;1424.000000000;22;9595990057;B
20240214;101207;1424.000000000;1;9595990058;B
20240214;101207;1424.000000000;86;9595990059;B
20240214;101207;1424.000000000;36;9595990060;B
20240214;101207;1424.000000000;55;9595990061;B
20240214;101207;1424.000000000;4;9595990065;B
20240214;101207;1424.000000000;161;9595990072;S
20240214;101208;1424.200000000;5;9595990366;B
20240214;101208;1424.200000000;12;9595990427;B
20240214;101209;1424.200000000;8;9595990559;B
20240214;101209;1424.200000000;27;9595990760;B
20240214;101209;1424.200000000;10;9595990768;B
20240214;101211;1424.200000000;10;9595991285;B
20240214;101212;1424.200000000;1;9595991557;B
20240214;101214;1424.200000000;1;9595991802;B
20240214;101215;1424.000000000;5;9595992160;S
20240214;101215;1424.000000000;33;9595992161;S
20240214;101217;1424.200000000;133;9595992755;B
20240214;101217;1424.200000000;1;9595992756;B
20240214;101217;1424.200000000;50;9595992757;B
20240214;101217;1424.200000000;7;9595992758;B
20240214;101217;1424.200000000;5;9595992759;B
20240214;101217;1424.200000000;4;9595992760;B
20240214;101218;1424.200000000;1;9595992944;B
20240214;101219;1424.000000000;34;9595993020;S
20240214;101219;1424.200000000;10;9595993180;B
20240214;101220;1424.200000000;135;9595993389;B
20240214;101220;1424.000000000;1;9595993480;S
20240214;101220;1424.000000000;33;9595993481;S
20240214;101220;1424.200000000;1;9595993512;B
20240214;101220;1424.200000000;1;9595993517;B
20240214;101222;1424.200000000;1;9595993888;B
20240214;101223;1424.200000000;1;9595994022;B
20240214;101225;1424.200000000;2;9595994611;B
20240214;101226;1424.200000000;1;9595995125;B
20240214;101228;1424.200000000;1;9595995323;B
20240214;101228;1424.200000000;50;9595995352;B
20240214;101228;1424.200000000;25;9595995493;B
20240214;101229;1424.200000000;1;9595995581;B
20240214;101230;1424.200000000;1;9595995732;B
20240214;101230;1424.200000000;70;9595995749;B
20240214;101231;1424.200000000;1;9595996021;B
20240214;101231;1424.200000000;1;9595996026;B
20240214;101231;1424.200000000;250;9595996027;B
20240214;101235;1424.000000000;3;9595996990;S
20240214;101235;1424.000000000;48;9595997136;S
20240214;101237;1424.200000000;4;9595997407;B
20240214;101237;1424.200000000;1;9595997645;B
20240214;101238;1424.200000000;1;9595997707;B
20240214;101239;1424.000000000;3;9595997958;S
20240214;101239;1424.200000000;176;9595998084;B
20240214;101240;1424.200000000;21;9595998097;B
20240214;101240;1424.200000000;50;9595998156;B
20240214;101240;1424.200000000;10;9595998262;B
20240214;101240;1424.200000000;1;9595998272;B
20240214;101240;1424.200000000;1;9595998282;B
20240214;101241;1424.200000000;13;9595998310;B
20240214;101241;1424.200000000;10;9595998400;B
20240214;101241;1424.000000000;1;9595998558;S
20240214;101242;1424.200000000;34;9595998575;B
20240214;101242;1424.200000000;101;9595998593;B
20240214;101242;1424.200000000;20;9595998597;B
20240214;101242;1424.200000000;2;9595998721;B
20240214;101242;1424.200000000;1;9595998770;B
20240214;101243;1424.200000000;1;9595998819;B
20240214;101243;1424.200000000;20;9595998905;B
20240214;101244;1424.200000000;7;9595999056;B
20240214;101244;1424.200000000;19;9595999057;B
20240214;101244;1424.400000000;1;9595999058;B
20240214;101244;1424.400000000;1;9595999059;B
20240214;101244;1424.400000000;4;9595999060;B
20240214;101244;1424.400000000;12;9595999061;B
20240214;101244;1424.400000000;25;9595999144;B
20240214;101244;1424.400000000;2;9595999240;S
20240214;101245;1424.400000000;1;9595999339;B
20240214;101245;1424.200000000;211;9595999522;S
20240214;101245;1424.200000000;150;9595999523;S
20240214;101245;1424.200000000;25;9595999524;S
20240214;101245;1424.200000000;5;9595999525;S
20240214;101245;1424.000000000;112;9595999526;S
20240214;101245;1424.000000000;1;9595999527;S
20240214;101245;1424.000000000;2;9595999528;S
20240214;101245;1424.000000000;5;9595999529;S
20240214;101245;1424.000000000;1;9595999530;S
20240214;101245;1424.000000000;1;9595999531;S
20240214;101245;1424.000000000;4;9595999532;S
20240214;101245;1424.000000000;2;9595999533;S
20240214;101245;1424.000000000;2;9595999534;S
20240214;101245;1424.000000000;46;9595999535;S
20240214;101245;1424.000000000;20;9595999536;S
20240214;101245;1424.000000000;5;9595999537;S
20240214;101245;1424.000000000;148;9595999538;S
20240214;101247;1424.400000000;1;9596000139;B
20240214;101250;1424.200000000;1;9596000712;S
20240214;101252;1424.400000000;1;9596001184;B
20240214;101252;1424.400000000;5;9596001337;B
20240214;101253;1424.400000000;10;9596001519;B
20240214;101255;1424.400000000;1;9596001783;B
20240214;101255;1424.400000000;1;9596001796;B
20240214;101255;1424.200000000;53;9596001828;S
20240214;101255;1424.200000000;1;9596001945;S
20240214;101256;1424.400000000;7;9596002164;B
20240214;101257;1424.400000000;1;9596002419;B
20240214;101300;1424.400000000;4;9596002779;B
20240214;101300;1424.400000000;1;9596002792;B
20240214;101300;1424.400000000;10;9596003011;B
20240214;101301;1424.400000000;1;9596003073;B
20240214;101301;1424.400000000;30;9596003082;B
20240214;101301;1424.400000000;1;9596003258;B
20240214;101302;1424.400000000;2;9596003307;B
20240214;101302;1424.400000000;1;9596003351;B
20240214;101304;1424.400000000;7;9596003604;B
20240214;101304;1424.600000000;35;9596003605;B
20240214;101304;1424.600000000;5;9596003606;B
20240214;101304;1424.600000000;42;9596003607;B
20240214;101304;1424.600000000;61;9596003608;B
20240214;101305;1424.800000000;1;9596003839;B
20240214;101305;1424.800000000;5;9596003840;B
20240214;101305;1424.800000000;1;9596003841;B
20240214;101305;1424.800000000;1;9596003842;B
20240214;101305;1424.800000000;7;9596003843;B
20240214;101306;1424.800000000;3;9596003912;B
20240214;101306;1424.800000000;10;9596004023;B
20240214;101308;1424.800000000;20;9596004260;B
20240214;101308;1424.800000000;4;9596004261;B
20240214;101308;1424.800000000;2;9596004262;B
20240214;101308;1424.800000000;1;9596004263;B
20240214;101308;1424.800000000;23;9596004264;B
20240214;101309;1424.800000000;2;9596004396;B
20240214;101310;1424.800000000;3;9596004689;B
20240214;101312;1424.800000000;2;9596004946;B
20240214;101315;1424.600000000;3;9596005546;B
20240214;101315;1424.400000000;3;9596005571;S
20240214;101316;1424.400000000;2;9596006003;B
20240214;101316;1424.600000000;20;9596006004;B
20240214;101316;1424.600000000;28;9596006005;B
20240214;101319;1424.800000000;6;9596006553;B
20240214;101321;1424.800000000;24;9596006818;B
20240214;101321;1424.800000000;1;9596006819;B
20240214;101321;1424.800000000;29;9596006820;B
20240214;101322;1424.800000000;20;9596006984;B
20240214;101322;1424.800000000;21;9596007147;B
20240214;101322;1424.800000000;1;9596007148;B
20240214;101322;1424.800000000;6;9596007149;B
20240214;101322;1424.800000000;5;9596007150;B
20240214;101322;1424.800000000;1;9596007151;B
20240214;101322;1424.800000000;1;9596007152;B
20240214;101322;1424.800000000;80;9596007153;B
20240214;101322;1424.800000000;1;9596007154;B
20240214;101322;1424.800000000;5;9596007155;B
20240214;101322;1424.800000000;220;9596007156;B
20240214;101322;1425.000000000;252;9596007157;B
20240214;101322;1425.000000000;1;9596007201;B
20240214;101323;1425.000000000;35;9596007265;B
20240214;101323;1425.000000000;4;9596007349;B
20240214;101323;1425.000000000;4;9596007482;B
20240214;101324;1425.000000000;3;9596007570;B
20240214;101324;1425.000000000;4;9596007694;B
20240214;101326;1425.000000000;2;9596007944;B
20240214;101326;1425.000000000;2;9596007947;B
20240214;101327;1424.800000000;2;9596008154;S
20240214;101327;1424.800000000;2;9596008155;S
20240214;101327;1424.800000000;6;9596008156;S
20240214;101327;1425.000000000;25;9596008239;B
20240214;101329;1424.800000000;1;9596008502;S
20240214;101329;1424.600000000;5;9596008503;S
20240214;101329;1425.000000000;1;9596008604;B
20240214;101329;1425.000000000;1;9596008624;B
20240214;101331;1425.000000000;1000;9596008874;B
20240214;101332;1425.000000000;25;9596009158;B
20240214;101334;1425.000000000;40;9596009406;B
20240214;101334;1425.000000000;9;9596009501;B
20240214;101335;1425.000000000;33;9596009547;B
20240214;101335;1425.000000000;1;9596009596;B
20240214;101336;1425.000000000;26;9596009716;B
20240214;101336;1425.000000000;1;9596009782;B
20240214;101336;1425.000000000;1;9596009830;B
20240214;101339;1424.800000000;1;9596010316;S
20240214;101339;1424.800000000;3;9596010317;S
20240214;101342;1425.000000000;35;9596010706;B
20240214;101342;1425.000000000;5;9596010741;B
20240214;101342;1425.000000000;3;9596010800;B
20240214;101343;1425.000000000;1;9596010903;B
20240214;101343;1425.000000000;2;9596010911;B
20240214;101344;1425.000000000;1;9596011007;B
20240214;101345;1425.000000000;7;9596011326;B
20240214;101345;1425.000000000;4;9596011358;B
20240214;101345;1425.000000000;2;9596011363;B
20240214;101346;1425.000000000;10;9596011413;B
20240214;101346;1425.000000000;1;9596011453;B
20240214;101346;1425.000000000;2;9596011466;B
20240214;101347;1425.000000000;14;9596011493;B
20240214;101347;1425.000000000;50;9596011609;B
20240214;101348;1425.000000000;6;9596011748;B
20240214;101349;1425.000000000;20;9596011809;B
20240214;101349;1425.000000000;1;9596011825;B
20240214;101350;1425.000000000;3;9596011990;B
20240214;101350;1425.000000000;3;9596012023;B
20240214;101351;1425.000000000;1;9596012268;B
20240214;101352;1425.000000000;12;9596012378;B
20240214;101352;1425.000000000;1;9596012446;B
20240214;101352;1425.000000000;48;9596012571;B
20240214;101353;1425.000000000;1;9596012696;B
20240214;101354;1425.000000000;100;9596012967;B
20240214;101354;1425.000000000;1;9596012972;B
20240214;101358;1425.000000000;10;9596013734;B
20240214;101358;1425.000000000;1;9596013767;B
20240214;101358;1425.000000000;248;9596013795;B
20240214;101359;1425.000000000;100;9596013996;B
20240214;101400;1425.000000000;5;9596014024;B
20240214;101400;1425.000000000;100;9596014069;B
20240214;101400;1425.000000000;3;9596014150;B
20240214;101400;1425.000000000;88;9596014184;B
20240214;101401;1424.800000000;10;9596014209;S
20240214;101401;1424.800000000;65;9596014210;S
20240214;101401;1424.800000000;1;9596014211;S
20240214;101401;1424.800000000;35;9596014212;S
20240214;101401;1424.800000000;1;9596014213;S
20240214;101401;1424.600000000;5;9596014214;S
20240214;101401;1424.600000000;211;9596014215;S
20240214;101401;1424.600000000;198;9596014216;S
20240214;101401;1424.600000000;7;9596014217;S
20240214;101401;1424.400000000;100;9596014218;S
20240214;101401;1424.400000000;25;9596014219;S
20240214;101401;1424.400000000;10;9596014220;S
20240214;101401;1424.400000000;25;9596014221;S
20240214;101401;1424.200000000;44;9596014222;S
20240214;101401;1424.200000000;25;9596014223;S
20240214;101401;1424.200000000;4;9596014224;S
20240214;101401;1424.200000000;1;9596014225;S
20240214;101401;1424.200000000;26;9596014226;S
20240214;101401;1424.200000000;1;9596014227;S
20240214;101401;1424.200000000;21;9596014228;S
20240214;101401;1424.200000000;4;9596014229;S
20240214;101401;1424.000000000;152;9596014230;S
20240214;101401;1424.000000000;29;9596014231;S
20240214;101401;1424.400000000;40;9596014233;S
20240214;101401;1424.800000000;198;9596014380;B
20240214;101401;1424.800000000;26;9596014381;B
20240214;101401;1424.800000000;43;9596014382;B
20240214;101401;1424.800000000;25;9596014383;B
20240214;101401;1425.000000000;1008;9596014384;B
20240214;101402;1424.800000000;10;9596014574;B
20240214;101403;1424.800000000;4;9596014618;B
20240214;101403;1424.800000000;11;9596014704;B
20240214;101403;1425.000000000;29;9596014705;B
20240214;101403;1425.000000000;51;9596014708;B
20240214;101403;1425.000000000;20;9596014710;B
20240214;101404;1424.800000000;1;9596014723;B
20240214;101404;1424.800000000;25;9596014812;B
20240214;101405;1424.800000000;9;9596014975;B
20240214;101405;1425.000000000;59;9596014976;B
20240214;101405;1424.800000000;1;9596014983;B
20240214;101405;1424.800000000;14;9596014986;B
20240214;101406;1424.800000000;3;9596015079;B
20240214;101406;1424.800000000;1;9596015133;B
20240214;101407;1424.800000000;7;9596015210;B
20240214;101407;1424.800000000;6;9596015218;B
20240214;101408;1425.000000000;100;9596015400;B
20240214;101408;1425.000000000;7;9596015470;B
20240214;101408;1425.000000000;3;9596015502;B
20240214;101408;1425.000000000;100;9596015504;B
20240214;101408;1425.000000000;10;9596015521;B
20240214;101408;1425.000000000;1;9596015561;B
20240214;101411;1425.000000000;3;9596015983;B
20240214;101413;1425.000000000;3;9596016278;B
20240214;101413;1425.000000000;3;9596016313;B
20240214;101413;1425.000000000;1;9596016336;B
20240214;101413;1425.000000000;1;9596016374;B
20240214;101414;1425.000000000;640;9596016476;B
20240214;101414;1425.000000000;860;9596016477;B
20240214;101415;1425.000000000;10;9596016776;B
20240214;101415;1425.000000000;50;9596016807;B
20240214;101416;1425.000000000;1;9596016843;B
20240214;101416;1424.800000000;1;9596016848;S
20240214;101416;1425.000000000;100;9596016849;B
20240214;101416;1425.000000000;500;9596016924;B
20240214;101418;1425.000000000;1;9596017186;B
20240214;101419;1424.800000000;9;9596017331;S
20240214;101419;1424.600000000;17;9596017332;S
20240214;101420;1424.800000000;1;9596017452;B
20240214;101420;1424.800000000;2;9596017602;B
20240214;101423;1424.800000000;1;9596018257;B
20240214;101424;1424.800000000;50;9596018432;B
20240214;101425;1424.800000000;3;9596018568;B
20240214;101425;1424.800000000;1;9596018576;B
20240214;101425;1424.800000000;82;9596018637;B
20240214;101425;1425.000000000;616;9596018638;B
20240214;101425;1424.800000000;2;9596018639;B
20240214;101425;1424.800000000;1;9596018640;B
20240214;101426;1425.000000000;20;9596018792;B
20240214;101426;1425.000000000;10;9596018793;B
20240214;101426;1425.000000000;1;9596018809;B
20240214;101427;1425.000000000;5;9596018878;B
20240214;101428;1425.000000000;1;9596018969;B
20240214;101428;1425.000000000;5;9596018982;B
20240214;101428;1425.000000000;200;9596019043;B
20240214;101428;1425.000000000;16;9596019097;B
20240214;101429;1425.000000000;2;9596019214;B
20240214;101429;1425.000000000;1;9596019288;B
20240214;101430;1425.000000000;4;9596019361;B
20240214;101431;1425.000000000;1;9596019527;B
20240214;101432;1425.000000000;10;9596019800;B
20240214;101432;1425.000000000;586;9596019815;B
20240214;101432;1425.000000000;1;9596019816;B
20240214;101432;1425.000000000;5;9596019817;B
20240214;101432;1425.000000000;1;9596019818;B
20240214;101432;1425.000000000;2;9596019819;B
20240214;101432;1425.000000000;15;9596019820;B
20240214;101432;1425.000000000;3;9596019821;B
20240214;101432;1425.000000000;15;9596019822;B
20240214;101432;1425.000000000;1;9596019823;B
20240214;101432;1425.000000000;10;9596019824;B
20240214;101432;1425.000000000;2;9596019825;B
20240214;101432;1425.000000000;100;9596019826;B
20240214;101432;1425.000000000;10;9596019827;B
20240214;101432;1425.000000000;5;9596019828;B
20240214;101432;1425.000000000;2;9596019829;B
20240214;101432;1425.000000000;2;9596019830;B
20240214;101432;1425.000000000;11;9596019831;B
20240214;101432;1425.000000000;15;9596019832;B
20240214;101432;1425.000000000;5;9596019833;B
20240214;101432;1425.000000000;18;9596019834;B
20240214;101432;1425.000000000;1;9596019835;B
20240214;101432;1425.000000000;7;9596019836;B
20240214;101432;1425.000000000;5;9596019837;B
20240214;101432;1425.000000000;25;9596019838;B
20240214;101432;1425.000000000;5;9596019839;B
20240214;101432;1425.000000000;29;9596019840;B
20240214;101432;1425.000000000;1;9596019841;B
20240214;101432;1425.000000000;7;9596019842;B
20240214;101432;1425.000000000;2;9596019843;B
20240214;101432;1425.000000000;2;9596019844;B
20240214;101432;1425.000000000;28;9596019845;B
20240214;101432;1425.000000000;25;9596019846;B
20240214;101432;1425.000000000;2;9596019847;B
20240214;101432;1425.000000000;313;9596019848;B
20240214;101433;1425.000000000;2;9596019899;B
20240214;101433;1425.000000000;1;9596019915;B
20240214;101433;1425.000000000;150;9596019952;B
20240214;101433;1425.000000000;10;9596019956;B
20240214;101433;1425.000000000;24;9596019975;B
20240214;101433;1425.000000000;1;9596019976;B
20240214;101433;1425.000000000;75;9596020004;B
20240214;101433;1425.000000000;2;9596020005;B
20240214;101434;1425.000000000;5;9596020048;B
20240214;101434;1425.000000000;3;9596020074;B
20240214;101435;1425.000000000;14;9596020297;B
20240214;101435;1425.000000000;400;9596020365;B
20240214;101435;1425.000000000;100;9596020366;B
20240214;101435;1425.000000000;5;9596020367;B
20240214;101435;1425.000000000;7;9596020368;B
20240214;101436;1425.000000000;2;9596020508;B
20240214;101437;1425.000000000;40;9596020677;B
20240214;101437;1425.000000000;1;9596020719;B
20240214;101438;1425.000000000;1;9596020849;B
20240214;101438;1425.000000000;1;9596020924;B
20240214;101439;1425.000000000;9;9596020977;B
20240214;101439;1425.000000000;3;9596021107;B
20240214;101439;1425.000000000;10;9596021111;B
20240214;101439;1425.000000000;6;9596021124;B
20240214;101439;1425.000000000;32;9596021125;B
20240214;101439;1425.000000000;1;9596021126;B
20240214;101439;1425.000000000;20;9596021127;B
20240214;101439;1425.000000000;41;9596021128;B
20240214;101439;1425.000000000;9;9596021132;B
20240214;101439;1425.000000000;5;9596021133;B
20240214;101439;1425.000000000;36;9596021134;B
20240214;101440;1425.000000000;26;9596021235;B
20240214;101440;1425.200000000;3;9596021236;B
20240214;101440;1425.200000000;5;9596021237;B
20240214;101440;1425.200000000;2;9596021238;B
20240214;101440;1425.200000000;10;9596021239;B
20240214;101440;1425.200000000;3;9596021240;B
20240214;101440;1425.400000000;5;9596021241;B
20240214;101440;1425.400000000;10;9596021242;B
20240214;101440;1425.400000000;56;9596021243;B
20240214;101440;1425.400000000;56;9596021244;B
20240214;101440;1425.400000000;24;9596021245;B
20240214;101440;1425.400000000;55;9596021246;B
20240214;101440;1425.400000000;3;9596021247;B
20240214;101440;1425.600000000;1;9596021248;B
20240214;101440;1425.600000000;5;9596021249;B
20240214;101440;1425.600000000;70;9596021250;B
20240214;101440;1425.600000000;25;9596021251;B
20240214;101440;1425.800000000;1;9596021252;B
20240214;101440;1425.800000000;40;9596021253;B
20240214;101440;1425.800000000;5;9596021254;B
20240214;101440;1425.800000000;56;9596021255;B
20240214;101440;1425.800000000;1;9596021256;B
20240214;101440;1425.800000000;596;9596021257;B
20240214;101440;1425.800000000;1;9596021276;B
20240214;101440;1425.800000000;1;9596021277;B
20240214;101440;1425.800000000;10;9596021278;B
20240214;101440;1425.200000000;1;9596021280;S
20240214;101440;1425.800000000;1;9596021285;B
20240214;101441;1425.400000000;2;9596021332;B
20240214;101441;1425.800000000;131;9596021333;B
20240214;101441;1425.800000000;3;9596021334;B
20240214;101441;1425.800000000;27;9596021335;B
20240214;101441;1425.800000000;2;9596021353;B
20240214;101441;1425.800000000;23;9596021354;B
20240214;101441;1425.800000000;1;9596021361;B
20240214;101441;1425.800000000;1;9596021376;B
20240214;101441;1425.800000000;23;9596021377;B
20240214;101441;1425.800000000;30;9596021402;B
20240214;101441;1425.800000000;30;9596021403;B
20240214;101441;1425.600000000;30;9596021405;B
20240214;101441;1425.600000000;30;9596021407;B
20240214;101441;1425.600000000;139;9596021409;B
20240214;101441;1425.800000000;120;9596021410;B
20240214;101441;1425.800000000;40;9596021411;B
20240214;101441;1426.000000000;1;9596021412;B
20240214;101441;1426.000000000;1;9596021423;B
20240214;101441;1426.000000000;10;9596021424;B
20240214;101441;1426.000000000;2;9596021425;B
20240214;101441;1426.000000000;1;9596021426;B
20240214;101441;1426.000000000;1;9596021427;B
20240214;101441;1426.000000000;5;9596021428;B
20240214;101441;1426.000000000;20;9596021473;B
20240214;101441;1426.000000000;2;9596021474;B
20240214;101441;1426.000000000;70;9596021475;B
20240214;101441;1426.000000000;1;9596021476;B
20240214;101441;1426.000000000;4;9596021477;B
20240214;101441;1426.000000000;1;9596021478;B
20240214;101441;1426.000000000;1;9596021479;B
20240214;101441;1426.000000000;5;9596021480;B
20240214;101441;1426.000000000;1;9596021481;B
20240214;101441;1426.000000000;25;9596021482;B
20240214;101441;1426.000000000;45;9596021483;B
20240214;101442;1426.000000000;95;9596021542;B
20240214;101442;1426.000000000;5;9596021543;B
20240214;101442;1426.000000000;20;9596021562;B
20240214;101442;1426.000000000;15;9596021628;B
20240214;101442;1426.000000000;4;9596021629;B
20240214;101442;1426.200000000;10;9596021630;B
20240214;101442;1426.200000000;2;9596021631;B
20240214;101442;1426.200000000;3;9596021632;B
20240214;101442;1426.200000000;3;9596021633;B
20240214;101442;1426.200000000;33;9596021634;B
20240214;101442;1426.200000000;1;9596021635;B
20240214;101442;1426.400000000;3;9596021638;B
20240214;101442;1426.400000000;4;9596021639;B
20240214;101442;1426.400000000;10;9596021640;B
20240214;101442;1426.400000000;3;9596021641;B
20240214;101442;1426.400000000;2;9596021642;B
20240214;101442;1426.400000000;140;9596021643;B
20240214;101442;1426.400000000;24;9596021644;B
20240214;101442;1426.600000000;50;9596021645;B
20240214;101442;1426.600000000;5;9596021646;B
20240214;101442;1426.600000000;10;9596021647;B
20240214;101442;1426.600000000;66;9596021648;B
20240214;101442;1426.600000000;25;9596021649;B
20240214;101442;1426.800000000;40;9596021650;B
20240214;101442;1426.800000000;15;9596021651;B
20240214;101442;1426.800000000;1;9596021652;B
20240214;101442;1426.800000000;11;9596021653;B
20240214;101442;1426.800000000;25;9596021654;B
20240214;101442;1426.800000000;5;9596021655;B
20240214;101442;1426.800000000;8;9596021656;B
20240214;101442;1426.000000000;1;9596021666;S
20240214;101442;1426.000000000;1;9596021668;S
20240214;101442;1426.000000000;10;9596021669;B
20240214;101442;1426.600000000;19;9596021670;B
20240214;101442;1426.000000000;7;9596021671;B
20240214;101442;1425.800000000;10;9596021672;S
20240214;101442;1426.400000000;5;9596021675;B
20240214;101442;1426.000000000;2;9596021680;B
20240214;101442;1425.800000000;1;9596021689;S
20240214;101443;1425.800000000;1;9596021736;S
20240214;101443;1426.200000000;1;9596021849;B
20240214;101443;1425.800000000;10;9596021859;S
20240214;101445;1426.600000000;1;9596022207;B
20240214;101446;1426.600000000;1;9596022305;B
20240214;101447;1426.400000000;2;9596022418;B
20240214;101448;1426.200000000;12;9596022520;S
20240214;101448;1426.400000000;1;9596022538;B
20240214;101448;1426.600000000;14;9596022539;B
20240214;101448;1426.600000000;25;9596022540;B
20240214;101448;1426.600000000;24;9596022541;B
20240214;101448;1426.600000000;135;9596022542;B
20240214;101448;1426.800000000;92;9596022543;B
20240214;101448;1426.800000000;1;9596022544;B
20240214;101448;1426.800000000;5;9596022545;B
20240214;101448;1427.000000000;1;9596022546;B
20240214;101448;1427.000000000;1;9596022547;B
20240214;101448;1427.000000000;1;9596022548;B
20240214;101448;1427.000000000;500;9596022549;B
20240214;101448;1426.800000000;25;9596022589;B
20240214;101448;1427.000000000;500;9596022590;B
20240214;101448;1427.000000000;1;9596022591;B
20240214;101448;1427.000000000;1;9596022592;B
20240214;101448;1427.000000000;7;9596022593;B
20240214;101448;1427.000000000;3;9596022594;B
20240214;101448;1427.000000000;5;9596022595;B
20240214;101448;1427.000000000;110;9596022596;B
20240214;101448;1427.000000000;300;9596022597;B
20240214;101448;1427.000000000;16;9596022598;B
20240214;101448;1427.000000000;6;9596022599;B
20240214;101448;1427.000000000;5;9596022600;B
20240214;101448;1427.000000000;3;9596022601;B
20240214;101448;1427.000000000;1;9596022602;B
20240214;101448;1427.000000000;1;9596022603;B
20240214;101448;1427.000000000;5;9596022604;B
20240214;101448;1427.000000000;2;9596022605;B
20240214;101448;1427.000000000;20;9596022606;B
20240214;101448;1427.000000000;25;9596022607;B
20240214;101448;1427.000000000;1;9596022608;B
20240214;101448;1427.000000000;150;9596022609;B
20240214;101448;1427.000000000;140;9596022610;B
20240214;101448;1427.000000000;27;9596022611;B
20240214;101448;1427.200000000;30;9596022612;B
20240214;101448;1427.200000000;30;9596022613;B
20240214;101448;1427.200000000;5;9596022614;B
20240214;101448;1427.200000000;10;9596022615;B
20240214;101448;1427.200000000;56;9596022616;B
20240214;101448;1427.200000000;15;9596022617;B
20240214;101448;1427.000000000;4;9596022641;B
20240214;101448;1427.000000000;1;9596022642;B
20240214;101448;1426.800000000;2;9596022643;B
20240214;101448;1427.200000000;175;9596022663;B
20240214;101448;1427.200000000;34;9596022664;B
20240214;101448;1427.400000000;33;9596022665;B
20240214;101448;1427.400000000;2;9596022666;B
20240214;101448;1427.400000000;100;9596022667;B
20240214;101448;1427.400000000;5;9596022668;B
20240214;101448;1427.400000000;1;9596022669;B
20240214;101449;1427.000000000;27;9596022842;B
20240214;101449;1427.000000000;149;9596022843;B
20240214;101449;1426.600000000;1;9596022942;S
20240214;101450;1427.200000000;1;9596023114;B
20240214;101450;1427.400000000;49;9596023115;B
20240214;101450;1427.400000000;7;9596023116;B
20240214;101450;1427.400000000;50;9596023117;B
20240214;101450;1427.400000000;68;9596023118;B
20240214;101450;1427.600000000;1;9596023119;B
20240214;101450;1427.600000000;5;9596023120;B
20240214;101450;1427.600000000;25;9596023121;B
20240214;101450;1427.600000000;32;9596023122;B
20240214;101450;1427.800000000;1;9596023123;B
20240214;101450;1427.800000000;1;9596023124;B
20240214;101450;1427.800000000;70;9596023125;B
20240214;101450;1427.800000000;5;9596023126;B
20240214;101450;1427.800000000;10;9596023127;B
20240214;101450;1427.800000000;25;9596023128;B
20240214;101450;1427.400000000;1;9596023208;B
20240214;101450;1426.600000000;1;9596023209;S
20240214;101450;1427.400000000;10;9596023232;B
20240214;101452;1426.600000000;20;9596023529;S
20240214;101453;1427.200000000;1;9596023671;B
20240214;101453;1427.400000000;1;9596023672;B
20240214;101453;1427.400000000;1;9596023673;B
20240214;101453;1427.600000000;25;9596023674;B
20240214;101453;1427.600000000;72;9596023675;B
20240214;101453;1427.400000000;20;9596023685;B
20240214;101453;1427.600000000;25;9596023686;B
20240214;101453;1427.800000000;70;9596023687;B
20240214;101453;1427.800000000;60;9596023688;B
20240214;101453;1427.600000000;25;9596023689;B
20240214;101453;1427.800000000;80;9596023690;B
20240214;101453;1427.800000000;33;9596023691;B
20240214;101453;1427.800000000;37;9596023692;B
20240214;101454;1427.000000000;1;9596023971;B
20240214;101454;1427.400000000;6;9596023972;B
20240214;101455;1427.400000000;10;9596023991;B
20240214;101456;1427.400000000;175;9596024136;B
20240214;101456;1427.400000000;5;9596024138;B
20240214;101456;1427.600000000;70;9596024139;B
20240214;101456;1427.600000000;25;9596024140;B
20240214;101456;1427.800000000;3;9596024141;B
20240214;101456;1427.800000000;72;9596024142;B
20240214;101456;1427.600000000;1;9596024154;B
20240214;101456;1427.600000000;1;9596024258;B
20240214;101457;1427.400000000;5;9596024302;S
20240214;101457;1427.600000000;1;9596024331;B
20240214;101457;1427.400000000;5;9596024380;S
20240214;101457;1427.200000000;70;9596024381;S
20240214;101457;1427.000000000;26;9596024382;S
20240214;101457;1426.800000000;198;9596024383;S
20240214;101457;1426.600000000;70;9596024384;S
20240214;101457;1426.600000000;25;9596024385;S
20240214;101457;1426.600000000;77;9596024386;B
20240214;101458;1426.600000000;2;9596024481;B
20240214;101458;1426.600000000;2;9596024565;B
20240214;101459;1426.600000000;175;9596024611;B
20240214;101459;1426.600000000;50;9596024612;B
20240214;101459;1427.200000000;26;9596024613;B
20240214;101459;1427.200000000;70;9596024614;B
20240214;101459;1427.200000000;25;9596024615;B
20240214;101459;1427.400000000;4;9596024616;B
20240214;101459;1427.200000000;25;9596024663;B
20240214;101459;1427.400000000;194;9596024664;B
20240214;101459;1427.400000000;41;9596024665;B
20240214;101501;1427.600000000;17;9596024875;B
20240214;101501;1427.600000000;25;9596024876;B
20240214;101501;1427.800000000;90;9596024877;B
20240214;101501;1427.800000000;43;9596024878;B
20240214;101501;1427.600000000;25;9596024879;B
20240214;101501;1427.800000000;150;9596024880;B
20240214;101501;1427.600000000;25;9596024920;B
20240214;101501;1427.800000000;107;9596024921;B
20240214;101501;1428.000000000;1;9596024922;B
20240214;101501;1428.000000000;1;9596024923;B
20240214;101501;1428.000000000;10;9596024924;B
20240214;101501;1427.200000000;1;9596025023;S
20240214;101501;1427.200000000;9;9596025024;S
20240214;101501;1427.800000000;4;9596025029;B
20240214;101501;1427.200000000;23;9596025030;S
20240214;101501;1426.800000000;26;9596025031;S
20240214;101501;1426.800000000;211;9596025032;S
20240214;101501;1426.800000000;56;9596025033;S
20240214;101501;1426.600000000;56;9596025034;S
20240214;101501;1426.600000000;25;9596025035;S
20240214;101501;1426.600000000;70;9596025036;S
20240214;101501;1426.400000000;30;9596025037;S
20240214;101501;1426.400000000;61;9596025038;S
20240214;101501;1427.200000000;2;9596025046;B
20240214;101501;1427.400000000;13;9596025047;B
20240214;101502;1427.400000000;13;9596025119;B
20240214;101502;1427.400000000;25;9596025120;B
20240214;101502;1427.400000000;33;9596025121;B
20240214;101502;1427.400000000;28;9596025245;B
20240214;101502;1427.400000000;25;9596025246;B
20240214;101502;1427.400000000;1;9596025247;B
20240214;101502;1427.400000000;75;9596025248;B
20240214;101502;1427.600000000;46;9596025249;B
20240214;101502;1427.600000000;74;9596025257;B
20240214;101502;1427.600000000;25;9596025258;B
20240214;101502;1427.800000000;8;9596025259;B
20240214;101502;1427.800000000;68;9596025260;B
20240214;101503;1427.400000000;14;9596025453;B
20240214;101504;1427.000000000;1;9596025546;S
20240214;101505;1427.400000000;36;9596025805;B
20240214;101505;1427.600000000;25;9596025806;B
20240214;101505;1427.800000000;114;9596025807;B
20240214;101505;1427.600000000;25;9596025809;B
20240214;101505;1427.800000000;2;9596025810;B
20240214;101505;1427.800000000;4;9596025811;B
20240214;101505;1428.000000000;26;9596025812;B
20240214;101505;1428.000000000;2;9596025813;B
20240214;101505;1428.000000000;50;9596025814;B
20240214;101505;1428.000000000;66;9596025815;B
20240214;101505;1427.600000000;2;9596025842;B
20240214;101506;1427.600000000;1;9596025971;B
20240214;101507;1427.600000000;15;9596026120;B
20240214;101508;1427.600000000;11;9596026248;B
20240214;101508;1427.600000000;11;9596026322;B
20240214;101508;1427.600000000;15;9596026326;B
20240214;101508;1427.600000000;15;9596026333;B
20240214;101508;1427.600000000;13;9596026338;B
20240214;101508;1427.600000000;1;9596026339;B
20240214;101508;1427.800000000;25;9596026340;B
20240214;101508;1428.000000000;34;9596026341;B
20240214;101508;1428.000000000;102;9596026342;B
20240214;101508;1428.000000000;175;9596026343;B
20240214;101508;1427.400000000;1;9596026351;S
20240214;101508;1428.000000000;20;9596026393;B
20240214;101508;1428.000000000;11;9596026398;B
20240214;101509;1427.800000000;5;9596026419;B
20240214;101509;1428.000000000;10;9596026420;B
20240214;101509;1427.600000000;1;9596026476;B
20240214;101509;1428.000000000;9;9596026477;B
20240214;101510;1428.000000000;11;9596026620;B
20240214;101510;1428.000000000;162;9596026714;B
20240214;101510;1428.000000000;1;9596026715;B
20240214;101510;1428.000000000;12;9596026716;B
20240214;101510;1428.000000000;38;9596026718;B
20240214;101510;1428.000000000;110;9596026719;B
20240214;101510;1428.000000000;1;9596026720;B
20240214;101510;1428.000000000;1;9596026721;B
20240214;101510;1428.000000000;1;9596026722;B
20240214;101510;1428.000000000;2;9596026723;B
20240214;101510;1428.000000000;5;9596026724;B
20240214;101510;1428.000000000;17;9596026725;B
20240214;101511;1427.800000000;2;9596027028;B
20240214;101512;1427.800000000;23;9596027194;B
20240214;101512;1427.800000000;1;9596027195;B
20240214;101512;1428.000000000;10;9596027196;B
20240214;101512;1428.000000000;25;9596027197;B
20240214;101512;1428.000000000;5;9596027198;B
20240214;101512;1428.000000000;1;9596027199;B
20240214;101512;1428.200000000;3;9596027200;B
20240214;101512;1428.200000000;5;9596027201;B
20240214;101512;1428.200000000;7;9596027202;B
20240214;101512;1428.400000000;46;9596027203;B
20240214;101512;1428.400000000;10;9596027204;B
20240214;101512;1428.400000000;39;9596027205;B
20240214;101512;1428.400000000;11;9596027206;B
20240214;101512;1428.400000000;56;9596027207;B
20240214;101512;1428.400000000;31;9596027208;B
20240214;101512;1428.400000000;77;9596027209;B
20240214;101512;1427.400000000;4;9596027243;S
20240214;101512;1427.400000000;26;9596027244;S
20240214;101512;1427.400000000;25;9596027245;S
20240214;101512;1427.400000000;45;9596027246;B
20240214;101512;1428.200000000;26;9596027285;B
20240214;101512;1428.400000000;11;9596027286;B
20240214;101513;1428.400000000;50;9596027323;B
20240214;101513;1427.400000000;1;9596027340;S
20240214;101513;1427.400000000;4;9596027491;S
20240214;101514;1428.600000000;1;9596027564;B
20240214;101514;1428.600000000;10;9596027565;B
20240214;101514;1428.600000000;1;9596027566;B
20240214;101514;1428.600000000;7;9596027567;B
20240214;101514;1428.600000000;1;9596027568;B
20240214;101514;1428.600000000;5;9596027569;B
