<DATE>;<TIME>;<LAST>;<VOL>;<ID>;<OPER>
20240221;095935;1380.000000000;1;9672764771;B
20240221;095935;1380.000000000;2;9672764772;B
20240221;095935;1380.000000000;1;9672764773;S
20240221;095935;1380.000000000;3;9672764774;S
20240221;095935;1380.000000000;1;9672764775;S
20240221;095935;1380.000000000;25;9672764776;S
20240221;095935;1380.000000000;7;9672764777;S
20240221;095935;1380.000000000;1;9672764778;S
20240221;095935;1380.000000000;1;9672764779;B
20240221;095935;1380.000000000;10;9672764780;B
20240221;095935;1380.000000000;1;9672764781;B
20240221;095935;1380.000000000;1;9672764782;B
20240221;095935;1380.000000000;3;9672764783;B
20240221;095935;1380.000000000;1;9672764784;B
20240221;095935;1380.000000000;1;9672764785;B
20240221;095935;1380.000000000;10;9672764786;B
20240221;095935;1380.000000000;1;9672764787;B
20240221;095935;1380.000000000;1;9672764788;B
20240221;095935;1380.000000000;2;9672764789;B
20240221;095935;1380.000000000;1;9672764790;B
20240221;095935;1380.000000000;2;9672764791;B
20240221;095935;1380.000000000;1;9672764792;B
20240221;095935;1380.000000000;1;9672764793;B
20240221;095935;1380.000000000;1;9672764794;B
20240221;095935;1380.000000000;10;9672764795;S
20240221;095935;1380.000000000;1;9672764796;S
20240221;095935;1380.000000000;1;9672764797;S
20240221;095935;1380.000000000;1;9672764798;S
20240221;095935;1380.000000000;7;9672764799;S
20240221;095935;1380.000000000;4;9672764800;S
20240221;095935;1380.000000000;1;9672764801;S
20240221;095935;1380.000000000;2;9672764802;S
20240221;095935;1380.000000000;36;9672764803;S
20240221;095935;1380.000000000;2;9672764804;S
20240221;095935;1380.000000000;1;9672764805;S
20240221;095935;1380.000000000;2;9672764806;S
20240221;095935;1380.000000000;2;9672764807;S
20240221;095935;1380.000000000;1;9672764808;S
20240221;095935;1380.000000000;3;9672764809;S
20240221;095935;1380.000000000;1;9672764810;S
20240221;095935;1380.000000000;1;9672764811;S
20240221;095935;1380.000000000;1;9672764812;S
20240221;095935;1380.000000000;2;9672764813;S
20240221;095935;1380.000000000;5;9672764814;S
20240221;095935;1380.000000000;2;9672764815;S
20240221;095935;1380.000000000;15;9672764816;S
20240221;095935;1380.000000000;1;9672764817;S
20240221;095935;1380.000000000;1;9672764818;S
20240221;095935;1380.000000000;1;9672764819;S
20240221;095935;1380.000000000;1;9672764820;S
20240221;095935;1380.000000000;7;9672764821;S
20240221;095935;1380.000000000;1;9672764822;S
20240221;095935;1380.000000000;2;9672764823;S
20240221;095935;1380.000000000;1;9672764824;S
20240221;095935;1380.000000000;1;9672764825;B
20240221;095935;1380.000000000;1;9672764826;B
20240221;095935;1380.000000000;6;9672764827;B
20240221;095935;1380.000000000;3;9672764828;B
20240221;095935;1380.000000000;60;9672764829;B
20240221;095935;1380.000000000;1;9672764830;B
20240221;095935;1380.000000000;26;9672764831;B
20240221;095935;1380.000000000;1;9672764832;B
20240221;095935;1380.000000000;14;9672764833;B
20240221;095935;1380.000000000;14;9672764834;S
20240221;095935;1380.000000000;9;9672764835;S
20240221;095935;1380.000000000;17;9672764836;S
20240221;095935;1380.000000000;5;9672764837;S
20240221;095935;1380.000000000;3;9672764838;S
20240221;095935;1380.000000000;1;9672764839;S
20240221;095935;1380.000000000;4;9672764840;S
20240221;095935;1380.000000000;2;9672764841;B
20240221;095935;1380.000000000;8;9672764842;B
20240221;095935;1380.000000000;2;9672764843;B
20240221;095935;1380.000000000;1;9672764844;B
20240221;095935;1380.000000000;5;9672764845;B
20240221;095935;1380.000000000;1;9672764846;B
20240221;095935;1380.000000000;1;9672764847;B
20240221;095935;1380.000000000;2;9672764848;B
20240221;095935;1380.000000000;4;9672764849;B
20240221;095935;1380.000000000;4;9672764850;B
20240221;095935;1380.000000000;2;9672764851;B
20240221;095935;1380.000000000;1;9672764852;B
20240221;095935;1380.000000000;14;9672764853;B
20240221;100000;1380.000000000;57;9672776429;B
20240221;100000;1380.000000000;57;9672776627;B
20240221;100000;1380.000000000;57;9672776863;B
20240221;100000;1380.000000000;21;9672776954;B
20240221;100000;1380.000000000;15;9672776966;B
20240221;100000;1380.000000000;1;9672776967;B
20240221;100000;1380.000000000;20;9672776968;B
20240221;100000;1380.000000000;2;9672776969;B
20240221;100000;1381.000000000;3;9672777058;B
20240221;100000;1381.400000000;1;9672777132;B
20240221;100000;1381.600000000;1;9672777182;B
20240221;100000;1381.800000000;10;9672777214;B
20240221;100000;1381.800000000;30;9672777215;B
20240221;100000;1382.000000000;1;9672777249;B
20240221;100000;1382.000000000;5;9672777250;B
20240221;100000;1382.000000000;1;9672777251;B
20240221;100000;1382.000000000;1;9672777252;B
20240221;100000;1382.000000000;2;9672777253;B
20240221;100000;1382.000000000;2;9672777254;B
20240221;100000;1382.200000000;1;9672777313;B
20240221;100000;1382.200000000;56;9672777314;B
20240221;100001;1382.200000000;57;9672777708;B
20240221;100001;1382.400000000;55;9672777810;B
20240221;100001;1382.400000000;8;9672777887;S
20240221;100001;1382.400000000;22;9672777888;S
20240221;100001;1382.600000000;3;9672777910;B
20240221;100001;1382.200000000;57;9672777982;S
20240221;100001;1382.000000000;5;9672777983;S
20240221;100001;1382.000000000;57;9672777984;S
20240221;100001;1382.000000000;7;9672777985;S
20240221;100001;1381.800000000;57;9672777986;S
20240221;100001;1381.600000000;2;9672778009;S
20240221;100001;1381.800000000;216;9672778043;B
20240221;100001;1381.800000000;11;9672778482;B
20240221;100002;1382.800000000;1;9672779412;B
20240221;100002;1382.800000000;2;9672779413;B
20240221;100002;1382.800000000;3;9672779530;B
20240221;100002;1382.400000000;57;9672779885;S
20240221;100002;1382.200000000;144;9672779886;S
20240221;100002;1382.200000000;47;9672779887;S
20240221;100002;1382.400000000;140;9672780301;B
20240221;100003;1382.600000000;19;9672780765;B
20240221;100003;1382.600000000;1;9672780831;B
20240221;100003;1382.800000000;1;9672781894;B
20240221;100004;1383.000000000;1;9672782595;B
20240221;100004;1383.000000000;1;9672782596;B
20240221;100004;1382.800000000;57;9672782598;S
20240221;100004;1382.800000000;43;9672782599;S
20240221;100004;1383.200000000;1;9672782618;B
20240221;100004;1383.400000000;1;9672782622;B
20240221;100004;1384.000000000;10;9672782814;B
20240221;100004;1384.000000000;1;9672782815;B
20240221;100004;1384.000000000;3;9672782816;B
20240221;100004;1384.000000000;40;9672782817;B
20240221;100005;1384.000000000;80;9672783803;B
20240221;100005;1384.200000000;30;9672783804;B
20240221;100005;1384.400000000;57;9672784853;B
20240221;100005;1384.400000000;93;9672784854;B
20240221;100006;1384.000000000;4;9672786082;B
20240221;100006;1384.000000000;2;9672786093;B
20240221;100006;1383.400000000;30;9672786104;S
20240221;100006;1384.000000000;2;9672786116;B
20240221;100006;1383.400000000;2;9672786527;S
20240221;100006;1383.800000000;1;9672786530;B
20240221;100006;1383.800000000;22;9672786542;B
20240221;100006;1383.400000000;8;9672786955;S
20240221;100007;1384.000000000;18;9672787147;B
20240221;100007;1383.800000000;1;9672788480;S
20240221;100007;1384.400000000;1;9672789281;B
20240221;100008;1384.400000000;6;9672789515;B
20240221;100008;1384.400000000;5;9672789900;B
20240221;100008;1384.400000000;1;9672789902;B
20240221;100008;1384.400000000;6;9672790593;B
20240221;100008;1383.800000000;12;9672790598;S
20240221;100008;1384.400000000;1;9672790697;B
20240221;100008;1384.200000000;1;9672791695;B
20240221;100008;1384.200000000;15;9672791703;B
20240221;100009;1383.800000000;10;9672793397;S
20240221;100009;1383.800000000;37;9672793398;S
20240221;100009;1383.600000000;102;9672793399;S
20240221;100009;1383.400000000;1;9672793400;S
20240221;100009;1383.800000000;1;9672793588;S
20240221;100009;1384.000000000;1;9672794140;B
20240221;100009;1384.000000000;34;9672794145;B
20240221;100009;1383.800000000;1;9672794148;S
20240221;100010;1384.400000000;2;9672794969;B
20240221;100010;1384.400000000;4;9672795464;B
20240221;100010;1384.400000000;4;9672796194;B
20240221;100010;1383.800000000;7;9672796199;S
20240221;100011;1384.000000000;16;9672796322;B
20240221;100011;1384.200000000;5;9672796373;B
20240221;100011;1384.200000000;16;9672796628;B
20240221;100011;1384.200000000;1;9672796656;B
20240221;100011;1383.800000000;1;9672796729;S
20240221;100012;1384.200000000;8;9672797690;B
20240221;100012;1384.400000000;12;9672797698;B
20240221;100012;1383.800000000;23;9672797876;S
20240221;100014;1384.200000000;11;9672799956;B
20240221;100014;1383.800000000;3;9672800187;S
20240221;100014;1383.400000000;4;9672800188;S
20240221;100014;1383.800000000;9;9672800684;S
20240221;100015;1384.200000000;7;9672801259;B
20240221;100017;1384.400000000;4;9672802329;B
20240221;100018;1384.000000000;43;9672803050;B
20240221;100018;1384.000000000;14;9672803078;B
20240221;100018;1384.200000000;218;9672803079;B
20240221;100018;1384.200000000;57;9672803080;B
20240221;100018;1384.400000000;188;9672803081;B
20240221;100018;1384.400000000;23;9672803082;B
20240221;100019;1384.400000000;2;9672803638;B
20240221;100020;1384.400000000;3;9672803928;B
20240221;100020;1384.400000000;204;9672804303;B
20240221;100020;1384.400000000;1;9672804304;B
20240221;100020;1384.600000000;1;9672804319;B
20240221;100020;1384.600000000;3;9672804320;B
20240221;100020;1384.800000000;3;9672804334;B
20240221;100020;1384.800000000;8;9672804335;B
20240221;100020;1384.800000000;3;9672804336;B
20240221;100020;1384.800000000;48;9672804337;B
20240221;100021;1385.000000000;2;9672805030;B
20240221;100022;1385.000000000;6;9672805161;B
20240221;100022;1385.000000000;10;9672805162;B
20240221;100022;1385.000000000;1;9672805163;B
20240221;100022;1385.000000000;3;9672805164;B
20240221;100022;1385.000000000;5;9672805165;B
20240221;100022;1385.000000000;2;9672805166;B
20240221;100022;1385.000000000;23;9672805167;B
20240221;100022;1385.000000000;5;9672805182;B
20240221;100022;1385.000000000;60;9672805247;B
20240221;100023;1385.000000000;12;9672805773;B
20240221;100023;1385.000000000;16;9672805774;B
20240221;100023;1384.400000000;100;9672805969;S
20240221;100024;1384.400000000;60;9672806595;S
20240221;100025;1384.400000000;8;9672807140;S
20240221;100027;1384.600000000;8;9672807995;B
20240221;100027;1384.600000000;7;9672808096;B
20240221;100028;1384.400000000;132;9672808132;S
20240221;100028;1384.200000000;3;9672808133;S
20240221;100028;1384.200000000;67;9672808134;B
20240221;100030;1384.000000000;1;9672809509;B
20240221;100031;1384.000000000;1;9672810071;B
20240221;100035;1383.800000000;16;9672812310;S
20240221;100035;1384.000000000;1;9672812347;B
20240221;100036;1384.000000000;2;9672812906;B
20240221;100039;1384.000000000;70;9672814393;B
20240221;100039;1384.000000000;4;9672814565;B
20240221;100040;1383.800000000;64;9672814807;S
20240221;100040;1383.800000000;7;9672814808;S
20240221;100040;1383.800000000;29;9672814810;B
20240221;100040;1383.800000000;29;9672814812;B
20240221;100040;1383.800000000;71;9672814813;B
20240221;100040;1383.800000000;23;9672814815;B
20240221;100041;1383.800000000;1;9672815233;B
20240221;100042;1383.600000000;1;9672815527;S
20240221;100042;1383.400000000;1;9672815528;S
20240221;100043;1383.600000000;7;9672815993;B
20240221;100043;1383.600000000;31;9672816028;B
20240221;100043;1383.600000000;50;9672816283;B
20240221;100046;1383.600000000;37;9672817321;B
20240221;100046;1383.600000000;16;9672817391;B
20240221;100046;1383.800000000;15;9672817491;B
20240221;100046;1383.800000000;4;9672817522;B
20240221;100046;1383.800000000;4;9672817699;B
20240221;100046;1383.400000000;154;9672817716;S
20240221;100046;1383.600000000;79;9672817897;B
20240221;100047;1383.800000000;53;9672818315;B
20240221;100047;1383.800000000;15;9672818316;B
20240221;100048;1383.800000000;58;9672818387;B
20240221;100048;1383.800000000;100;9672818388;B
20240221;100048;1383.800000000;1;9672818734;B
20240221;100049;1383.800000000;25;9672819181;B
20240221;100049;1383.800000000;48;9672819182;B
20240221;100049;1383.800000000;99;9672819183;B
20240221;100049;1383.800000000;99;9672819184;B
20240221;100049;1383.800000000;99;9672819185;B
20240221;100049;1383.800000000;53;9672819186;B
20240221;100049;1383.800000000;107;9672819187;B
20240221;100049;1383.800000000;200;9672819327;B
20240221;100050;1383.800000000;2;9672819405;B
20240221;100050;1383.800000000;200;9672819598;B
20240221;100050;1383.800000000;12;9672819683;B
20240221;100050;1383.800000000;12;9672819693;B
20240221;100051;1383.800000000;1;9672820277;B
20240221;100052;1383.800000000;2;9672820390;B
20240221;100052;1383.800000000;10;9672820447;B
20240221;100052;1383.800000000;1;9672820464;B
20240221;100052;1383.800000000;124;9672820583;B
20240221;100052;1383.800000000;1;9672820735;B
20240221;100053;1384.000000000;4;9672820843;B
20240221;100053;1384.000000000;1;9672820898;B
20240221;100053;1384.000000000;1;9672820899;B
20240221;100053;1384.000000000;3;9672820900;B
20240221;100053;1384.000000000;4;9672820901;B
20240221;100053;1384.000000000;2;9672820902;B
20240221;100053;1384.000000000;20;9672820903;B
20240221;100053;1384.000000000;10;9672820999;B
20240221;100054;1384.000000000;8;9672821103;B
20240221;100054;1384.000000000;8;9672821120;B
20240221;100055;1384.000000000;1;9672821414;B
20240221;100055;1383.800000000;2;9672821426;S
20240221;100055;1383.800000000;11;9672821489;S
20240221;100055;1383.800000000;205;9672821556;S
20240221;100055;1383.800000000;25;9672821557;S
20240221;100055;1383.600000000;70;9672821558;S
20240221;100056;1384.000000000;30;9672821825;B
20240221;100056;1384.000000000;8;9672821838;B
20240221;100056;1384.000000000;4;9672821839;B
20240221;100056;1384.200000000;6;9672821845;B
20240221;100056;1384.200000000;2;9672821846;B
20240221;100057;1384.400000000;7;9672821981;B
20240221;100057;1384.000000000;15;9672822053;S
20240221;100057;1384.000000000;2;9672822215;S
20240221;100058;1384.400000000;76;9672822410;B
20240221;100058;1384.400000000;7;9672822411;B
20240221;100058;1384.400000000;1;9672822477;B
20240221;100058;1384.400000000;5;9672822478;B
20240221;100058;1384.400000000;6;9672822528;B
20240221;100058;1384.400000000;4;9672822549;B
20240221;100059;1384.400000000;4;9672822760;B
20240221;100100;1385.000000000;1;9672823092;B
20240221;100100;1385.000000000;29;9672823093;B
20240221;100100;1384.400000000;4;9672823114;S
20240221;100101;1384.600000000;14;9672823335;S
20240221;100101;1384.400000000;4;9672823336;S
20240221;100101;1384.400000000;3;9672823337;S
20240221;100101;1384.400000000;4;9672823338;S
20240221;100101;1384.400000000;10;9672823426;S
20240221;100101;1384.400000000;10;9672823427;S
20240221;100102;1385.000000000;1;9672823883;B
20240221;100102;1385.000000000;1;9672823979;B
20240221;100105;1385.000000000;1;9672824863;B
20240221;100109;1384.800000000;57;9672826299;B
20240221;100109;1385.000000000;872;9672826300;B
20240221;100109;1385.000000000;57;9672826301;B
20240221;100109;1385.000000000;14;9672826302;B
20240221;100110;1384.200000000;19;9672826354;S
20240221;100110;1384.200000000;14;9672826355;S
20240221;100110;1384.000000000;16;9672826356;S
20240221;100110;1384.000000000;41;9672826357;S
20240221;100110;1384.000000000;25;9672826358;S
20240221;100110;1383.800000000;185;9672826359;S
20240221;100111;1383.800000000;19;9672826690;S
20240221;100111;1383.800000000;21;9672826691;S
20240221;100111;1384.400000000;36;9672826928;B
20240221;100114;1384.400000000;2;9672827808;B
20240221;100116;1384.400000000;51;9672828698;B
20240221;100116;1384.800000000;19;9672828699;B
20240221;100118;1384.000000000;10;9672829328;B
20240221;100119;1383.800000000;38;9672829613;S
20240221;100119;1383.800000000;57;9672829614;S
20240221;100121;1383.600000000;25;9672829991;S
20240221;100123;1383.200000000;4;9672830525;S
20240221;100123;1383.000000000;1;9672830603;S
20240221;100123;1382.800000000;2;9672830604;S
20240221;100125;1382.600000000;4;9672830913;S
20240221;100126;1382.800000000;4;9672831292;B
20240221;100126;1382.600000000;6;9672831307;S
20240221;100126;1382.600000000;4;9672831308;S
20240221;100126;1382.800000000;1;9672831371;B
20240221;100129;1382.600000000;5;9672832060;B
20240221;100129;1382.400000000;26;9672832155;S
20240221;100129;1382.400000000;10;9672832156;S
20240221;100129;1382.600000000;2;9672832226;B
20240221;100129;1382.600000000;218;9672832227;B
20240221;100129;1382.800000000;29;9672832228;B
20240221;100129;1382.800000000;1;9672832229;B
20240221;100129;1382.000000000;1;9672832262;S
20240221;100129;1382.000000000;7;9672832263;S
20240221;100129;1382.000000000;11;9672832265;S
20240221;100129;1382.000000000;6;9672832266;S
20240221;100133;1382.600000000;1;9672833505;B
20240221;100133;1381.800000000;1;9672833561;S
20240221;100133;1381.800000000;3;9672833562;S
20240221;100135;1382.400000000;1;9672834148;B
20240221;100135;1381.800000000;37;9672834482;S
20240221;100135;1381.800000000;37;9672834483;S
20240221;100135;1381.600000000;25;9672834484;S
20240221;100135;1381.600000000;16;9672834485;S
20240221;100135;1381.400000000;25;9672834486;S
20240221;100135;1382.600000000;100;9672834490;B
20240221;100136;1382.200000000;3;9672834545;S
20240221;100136;1382.800000000;2;9672834546;B
20240221;100137;1382.800000000;3;9672835022;B
20240221;100137;1382.800000000;2;9672835023;B
20240221;100141;1382.800000000;8;9672836332;B
20240221;100142;1383.000000000;3;9672836656;B
20240221;100142;1383.200000000;44;9672836658;B
20240221;100145;1383.400000000;50;9672837312;B
20240221;100146;1383.600000000;10;9672837539;B
20240221;100146;1383.600000000;1;9672837540;B
20240221;100146;1383.600000000;7;9672837561;B
20240221;100146;1383.600000000;19;9672837576;B
20240221;100146;1383.600000000;23;9672837592;B
20240221;100146;1383.600000000;1;9672837614;B
20240221;100148;1383.400000000;1;9672838315;B
20240221;100149;1383.200000000;34;9672838353;S
20240221;100149;1383.200000000;2;9672838425;S
20240221;100150;1383.200000000;10;9672838597;S
20240221;100150;1383.400000000;2;9672838637;B
20240221;100150;1383.400000000;2;9672838645;B
20240221;100152;1383.400000000;8;9672839274;B
20240221;100152;1383.400000000;11;9672839285;B
20240221;100152;1383.400000000;22;9672839309;B
20240221;100152;1383.400000000;19;9672839318;B
20240221;100153;1383.400000000;4;9672839694;B
20240221;100153;1383.400000000;7;9672839713;B
20240221;100153;1383.400000000;5;9672839714;B
20240221;100153;1383.400000000;19;9672839723;B
20240221;100153;1383.400000000;11;9672839747;B
20240221;100153;1383.400000000;10;9672839814;B
20240221;100153;1383.400000000;3;9672839844;B
20240221;100153;1383.400000000;3;9672839846;B
20240221;100154;1383.400000000;1;9672839965;B
20240221;100154;1383.400000000;1;9672840086;B
20240221;100154;1383.400000000;15;9672840115;B
20240221;100154;1383.400000000;10;9672840116;B
20240221;100154;1383.400000000;5;9672840117;B
20240221;100155;1383.400000000;1;9672840263;B
20240221;100155;1383.400000000;2;9672840310;B
20240221;100156;1383.400000000;4;9672840390;B
20240221;100156;1383.400000000;4;9672840397;B
20240221;100156;1383.200000000;7;9672840457;S
20240221;100156;1383.200000000;1;9672840477;S
20240221;100156;1383.200000000;10;9672840606;S
20240221;100158;1383.400000000;2;9672840907;B
20240221;100158;1383.200000000;10;9672841044;S
20240221;100159;1383.200000000;976;9672841235;S
20240221;100159;1382.800000000;1;9672841511;B
20240221;100200;1382.600000000;16;9672841768;B
20240221;100201;1383.000000000;127;9672842230;B
20240221;100201;1383.000000000;91;9672842231;B
20240221;100201;1383.200000000;8;9672842240;B
20240221;100202;1383.200000000;7;9672842457;B
20240221;100202;1383.200000000;31;9672842493;B
20240221;100203;1383.200000000;1;9672842774;B
20240221;100203;1383.200000000;87;9672842876;B
20240221;100203;1383.400000000;11;9672842879;B
20240221;100204;1383.400000000;12;9672843053;B
20240221;100205;1383.200000000;70;9672843535;S
20240221;100205;1383.200000000;15;9672843536;S
20240221;100205;1383.200000000;7;9672843537;S
20240221;100205;1383.000000000;4;9672843538;S
20240221;100205;1382.600000000;4;9672843539;S
20240221;100205;1383.400000000;2;9672843606;B
20240221;100205;1383.400000000;48;9672843607;B
20240221;100209;1382.800000000;43;9672844553;S
20240221;100210;1383.000000000;11;9672844611;B
20240221;100211;1383.000000000;1;9672844831;B
20240221;100213;1382.800000000;3;9672845346;S
20240221;100214;1383.000000000;1;9672845655;B
20240221;100214;1382.800000000;19;9672845713;S
20240221;100214;1382.600000000;1;9672845714;S
20240221;100214;1382.600000000;20;9672845748;S
20240221;100215;1382.200000000;5;9672845833;S
20240221;100215;1382.200000000;70;9672845834;S
20240221;100215;1382.000000000;5;9672845835;S
20240221;100215;1382.000000000;2;9672845836;S
20240221;100215;1382.000000000;18;9672845837;S
20240221;100215;1381.600000000;1;9672845909;S
20240221;100218;1382.400000000;1;9672846633;B
20240221;100220;1381.600000000;7;9672846941;S
20240221;100221;1381.600000000;3;9672847161;S
20240221;100221;1382.400000000;8;9672847311;B
20240221;100222;1382.000000000;1;9672847346;S
20240221;100223;1382.200000000;1;9672847685;B
20240221;100223;1382.200000000;50;9672847726;B
20240221;100224;1382.000000000;2;9672847936;S
20240221;100224;1382.200000000;10;9672847944;B
20240221;100224;1382.000000000;5;9672847961;S
20240221;100224;1382.000000000;9;9672847962;S
20240221;100225;1382.200000000;4;9672848034;B
20240221;100225;1382.200000000;4;9672848062;B
20240221;100225;1382.000000000;1;9672848069;B
20240221;100225;1382.000000000;37;9672848254;B
20240221;100227;1381.600000000;37;9672848804;S
20240221;100227;1381.600000000;70;9672848805;S
20240221;100227;1381.400000000;1;9672848806;S
20240221;100227;1381.400000000;25;9672848807;S
20240221;100227;1381.400000000;8;9672848808;S
20240221;100227;1381.200000000;10;9672848809;S
20240221;100227;1381.200000000;349;9672848810;S
20240221;100228;1381.800000000;19;9672849180;B
20240221;100228;1381.800000000;38;9672849220;B
20240221;100228;1382.000000000;19;9672849221;B
20240221;100229;1381.800000000;1;9672849475;B
20240221;100230;1381.800000000;1;9672849613;B
20240221;100230;1381.800000000;10;9672849638;B
20240221;100230;1381.400000000;1;9672849659;S
20240221;100231;1382.000000000;40;9672849815;B
20240221;100231;1382.000000000;5;9672849941;B
20240221;100233;1382.000000000;3;9672850404;B
20240221;100234;1382.000000000;6;9672850757;B
20240221;100235;1381.800000000;7;9672851114;B
20240221;100235;1381.800000000;11;9672851525;B
20240221;100237;1382.000000000;1;9672852509;B
20240221;100238;1382.000000000;1;9672852528;B
20240221;100238;1382.000000000;3;9672852586;B
20240221;100239;1382.000000000;1;9672852944;B
20240221;100241;1381.600000000;3;9672853506;S
20240221;100242;1381.800000000;30;9672853749;B
20240221;100243;1381.800000000;2;9672853974;B
20240221;100244;1381.800000000;5;9672854263;B
20240221;100247;1381.800000000;1;9672854835;B
20240221;100249;1381.600000000;4;9672855680;S
20240221;100249;1381.400000000;6;9672855681;S
20240221;100249;1381.400000000;5;9672855705;S
20240221;100250;1381.600000000;73;9672855752;B
20240221;100252;1381.600000000;1;9672856604;B
20240221;100253;1381.400000000;1;9672856783;S
20240221;100253;1381.400000000;1;9672856842;S
20240221;100255;1381.600000000;1;9672857335;B
20240221;100256;1381.600000000;5;9672857653;B
20240221;100257;1381.600000000;1;9672857876;B
20240221;100257;1381.600000000;1;9672857915;B
20240221;100258;1381.600000000;1;9672858327;B
20240221;100259;1381.600000000;1;9672858440;B
20240221;100259;1381.600000000;15;9672858494;B
20240221;100300;1381.400000000;3;9672858660;S
20240221;100301;1381.600000000;1;9672859012;B
20240221;100301;1381.400000000;20;9672859019;S
20240221;100301;1381.400000000;10;9672859020;S
20240221;100301;1381.200000000;6;9672859021;S
20240221;100302;1381.600000000;3;9672859411;B
20240221;100303;1381.400000000;3;9672859478;S
20240221;100303;1381.400000000;28;9672859513;S
20240221;100303;1381.400000000;70;9672859536;S
20240221;100303;1381.600000000;1;9672859595;B
20240221;100303;1381.600000000;1;9672859606;B
20240221;100303;1381.400000000;51;9672859615;S
20240221;100304;1381.400000000;5;9672859846;S
20240221;100305;1381.600000000;1;9672860174;B
20240221;100305;1381.600000000;1;9672860179;B
20240221;100306;1381.600000000;7;9672860448;B
20240221;100306;1381.400000000;8;9672860484;B
20240221;100306;1381.400000000;15;9672860511;B
20240221;100309;1381.400000000;1;9672861821;B
20240221;100310;1381.200000000;2;9672861940;S
20240221;100311;1381.200000000;3;9672862175;S
20240221;100311;1381.200000000;175;9672862181;S
20240221;100311;1381.200000000;20;9672862182;S
20240221;100311;1381.200000000;35;9672862184;B
20240221;100314;1381.200000000;14;9672862808;B
20240221;100315;1381.200000000;10;9672862960;B
20240221;100315;1381.200000000;1;9672863017;B
20240221;100316;1381.200000000;1;9672863190;B
20240221;100318;1381.000000000;9;9672863622;S
20240221;100318;1381.000000000;140;9672863737;S
20240221;100319;1381.000000000;121;9672863876;S
20240221;100319;1381.000000000;1;9672863877;S
20240221;100319;1380.600000000;25;9672863878;S
20240221;100319;1380.400000000;5;9672863879;S
20240221;100319;1380.400000000;5;9672863880;S
20240221;100319;1380.400000000;70;9672863881;S
20240221;100319;1380.400000000;4;9672863882;S
20240221;100319;1380.200000000;121;9672863883;S
20240221;100319;1380.200000000;20;9672863884;S
20240221;100319;1380.400000000;4;9672863921;S
20240221;100320;1381.000000000;5;9672864222;B
20240221;100324;1380.200000000;1;9672865420;S
20240221;100324;1380.600000000;1;9672865497;B
20240221;100326;1380.400000000;2;9672865802;B
20240221;100326;1380.800000000;3;9672865803;B
20240221;100329;1380.600000000;1;9672866733;B
20240221;100330;1380.200000000;1;9672867032;S
20240221;100331;1380.200000000;1;9672867353;B
20240221;100331;1380.200000000;3;9672867354;B
20240221;100332;1380.600000000;3;9672867857;B
20240221;100334;1380.000000000;1;9672868304;S
20240221;100334;1380.000000000;1;9672868305;S
20240221;100335;1380.000000000;1;9672868391;S
20240221;100335;1380.000000000;35;9672868468;S
20240221;100335;1380.000000000;1;9672868469;S
20240221;100335;1380.000000000;1;9672868470;S
20240221;100335;1380.000000000;1;9672868471;S
20240221;100335;1380.000000000;1;9672868472;S
20240221;100335;1380.000000000;5;9672868473;S
20240221;100335;1380.000000000;14;9672868474;S
20240221;100335;1380.000000000;1;9672868475;S
20240221;100335;1380.000000000;2;9672868476;S
20240221;100335;1380.000000000;20;9672868477;S
20240221;100335;1380.000000000;14;9672868478;S
20240221;100337;1380.600000000;1;9672868916;B
20240221;100339;1380.600000000;4;9672869665;B
20240221;100340;1380.000000000;1;9672869991;S
20240221;100340;1380.000000000;3;9672870046;S
20240221;100340;1380.000000000;3;9672870047;S
20240221;100341;1380.000000000;1;9672870087;S
20240221;100341;1380.000000000;6;9672870092;S
20240221;100341;1380.000000000;2;9672870093;S
20240221;100341;1380.000000000;25;9672870094;S
20240221;100341;1380.000000000;14;9672870095;S
20240221;100341;1380.000000000;11;9672870170;S
20240221;100341;1380.000000000;3;9672870171;S
20240221;100341;1380.000000000;10;9672870172;S
20240221;100341;1380.000000000;1;9672870173;S
20240221;100341;1380.000000000;15;9672870174;S
20240221;100342;1380.000000000;5;9672870508;B
20240221;100343;1379.800000000;10;9672870807;S
20240221;100343;1379.800000000;150;9672870808;S
20240221;100343;1379.600000000;70;9672870809;S
20240221;100343;1379.600000000;10;9672870810;S
20240221;100343;1379.600000000;5;9672870811;S
20240221;100343;1379.600000000;4;9672870812;S
20240221;100343;1379.400000000;1;9672870813;S
20240221;100343;1379.400000000;5;9672870814;S
20240221;100343;1379.400000000;1;9672870815;S
20240221;100343;1379.400000000;10;9672870816;S
20240221;100343;1379.400000000;5;9672870817;S
20240221;100343;1379.400000000;1;9672870818;S
20240221;100343;1379.200000000;1;9672870819;S
20240221;100343;1379.200000000;2;9672870820;S
20240221;100343;1379.200000000;1;9672870821;S
20240221;100343;1379.200000000;1;9672870822;S
20240221;100343;1379.200000000;1;9672870823;S
20240221;100343;1379.200000000;1;9672870824;S
20240221;100343;1379.200000000;1;9672870825;S
20240221;100343;1379.200000000;3;9672870826;S
20240221;100343;1379.200000000;1;9672870827;S
20240221;100343;1379.200000000;4;9672870828;S
20240221;100343;1379.200000000;1;9672870829;S
20240221;100343;1379.200000000;2;9672870830;S
20240221;100343;1379.200000000;1;9672870831;S
20240221;100343;1379.200000000;453;9672870832;S
20240221;100343;1379.200000000;1;9672870833;S
20240221;100343;1379.200000000;30;9672870834;S
20240221;100343;1379.200000000;8;9672870835;S
20240221;100343;1379.200000000;137;9672870836;S
20240221;100343;1379.200000000;1;9672870837;S
20240221;100343;1379.200000000;1;9672870838;S
20240221;100343;1379.200000000;1;9672870839;S
20240221;100343;1379.200000000;7;9672870840;S
20240221;100343;1379.200000000;10;9672870841;S
20240221;100343;1379.200000000;559;9672870842;S
20240221;100344;1379.000000000;1;9672871074;S
20240221;100344;1379.000000000;1;9672871075;S
20240221;100344;1379.000000000;1;9672871076;S
20240221;100344;1379.000000000;1;9672871077;S
20240221;100344;1379.000000000;3;9672871078;S
20240221;100344;1379.200000000;37;9672871116;B
20240221;100344;1379.000000000;13;9672871153;S
20240221;100344;1379.000000000;3;9672871154;S
20240221;100344;1379.000000000;1;9672871155;S
20240221;100344;1379.000000000;5;9672871156;S
20240221;100344;1379.000000000;2;9672871203;S
20240221;100344;1379.200000000;8;9672871205;B
20240221;100344;1379.000000000;1;9672871272;S
20240221;100344;1379.000000000;3;9672871273;S
20240221;100344;1379.000000000;1;9672871274;S
20240221;100344;1379.000000000;1;9672871275;S
20240221;100344;1379.000000000;1;9672871276;S
20240221;100344;1379.000000000;1;9672871277;S
20240221;100344;1379.000000000;5;9672871278;S
20240221;100344;1379.000000000;1;9672871279;S
20240221;100345;1379.000000000;12;9672871336;B
20240221;100345;1379.000000000;1;9672871401;B
20240221;100345;1379.000000000;2;9672871472;B
20240221;100345;1379.000000000;3;9672871473;B
20240221;100345;1378.800000000;80;9672871588;S
20240221;100345;1378.800000000;2;9672871589;S
20240221;100345;1378.800000000;1;9672871590;S
20240221;100345;1378.800000000;18;9672871591;S
20240221;100345;1378.800000000;11;9672871592;S
20240221;100345;1378.800000000;2;9672871593;S
20240221;100345;1378.800000000;1;9672871594;S
20240221;100345;1378.800000000;2;9672871595;S
20240221;100345;1378.800000000;2;9672871596;S
20240221;100345;1378.800000000;3;9672871597;S
20240221;100345;1378.800000000;20;9672871598;S
20240221;100345;1378.800000000;1;9672871599;S
20240221;100345;1378.600000000;1;9672871600;S
20240221;100345;1378.600000000;1;9672871601;S
20240221;100345;1378.600000000;1;9672871602;S
20240221;100345;1378.600000000;3;9672871603;S
20240221;100345;1378.600000000;1;9672871604;S
20240221;100345;1378.600000000;37;9672871605;S
20240221;100345;1378.400000000;13;9672871606;S
20240221;100345;1378.400000000;12;9672871658;S
20240221;100345;1378.200000000;4;9672871659;S
20240221;100345;1378.200000000;2;9672871660;S
20240221;100345;1378.200000000;78;9672871669;S
20240221;100345;1378.200000000;40;9672871670;S
20240221;100345;1378.200000000;25;9672871671;S
20240221;100345;1378.000000000;1;9672871672;S
20240221;100345;1378.000000000;1;9672871673;S
20240221;100345;1378.000000000;1;9672871674;S
20240221;100345;1378.000000000;1;9672871675;S
20240221;100345;1378.000000000;1;9672871676;S
20240221;100345;1378.000000000;10;9672871677;S
20240221;100345;1378.000000000;1;9672871678;S
20240221;100345;1378.000000000;1;9672871679;S
20240221;100345;1378.000000000;1;9672871680;S
20240221;100345;1378.000000000;5;9672871681;S
20240221;100345;1378.000000000;1;9672871682;S
20240221;100345;1378.000000000;1;9672871683;S
20240221;100345;1378.000000000;3;9672871684;S
20240221;100345;1378.000000000;7;9672871685;S
20240221;100345;1378.000000000;1;9672871686;S
20240221;100345;1378.000000000;1;9672871687;S
20240221;100345;1378.000000000;1;9672871688;S
20240221;100345;1378.000000000;10;9672871689;S
20240221;100345;1378.000000000;1;9672871690;S
20240221;100345;1378.000000000;1;9672871691;S
20240221;100345;1378.000000000;7;9672871692;S
20240221;100346;1378.800000000;1;9672871709;B
20240221;100346;1378.200000000;48;9672871759;S
20240221;100346;1378.000000000;152;9672871760;S
20240221;100346;1378.000000000;41;9672871808;S
20240221;100346;1378.000000000;2;9672871809;S
20240221;100346;1378.000000000;7;9672871810;S
20240221;100346;1377.800000000;25;9672871971;S
20240221;100346;1377.600000000;145;9672871972;S
20240221;100346;1377.600000000;57;9672871973;S
20240221;100346;1377.600000000;662;9672871974;S
20240221;100346;1377.600000000;161;9672871975;S
20240221;100347;1377.600000000;23;9672872060;S
20240221;100347;1377.600000000;44;9672872061;S
20240221;100347;1377.600000000;32;9672872143;S
20240221;100347;1377.400000000;1;9672872144;S
20240221;100347;1377.400000000;57;9672872145;S
20240221;100347;1377.400000000;25;9672872146;S
20240221;100347;1377.200000000;10;9672872147;S
20240221;100347;1377.200000000;45;9672872148;S
20240221;100347;1377.200000000;30;9672872149;S
20240221;100347;1377.400000000;25;9672872198;S
20240221;100347;1377.200000000;27;9672872199;S
20240221;100347;1377.200000000;145;9672872200;S
20240221;100347;1377.200000000;3;9672872201;S
20240221;100348;1377.200000000;1;9672872265;S
20240221;100348;1378.000000000;2;9672872384;B
20240221;100348;1378.200000000;148;9672872385;B
20240221;100350;1377.400000000;148;9672873002;S
20240221;100350;1377.400000000;25;9672873003;S
20240221;100350;1377.200000000;57;9672873004;S
20240221;100350;1377.200000000;2;9672873005;S
20240221;100350;1377.200000000;70;9672873006;S
20240221;100350;1377.200000000;200;9672873007;S
20240221;100350;1377.000000000;1;9672873008;S
20240221;100350;1377.000000000;1;9672873009;S
20240221;100350;1377.000000000;200;9672873010;S
20240221;100350;1377.000000000;1;9672873011;S
20240221;100350;1377.000000000;5;9672873012;S
20240221;100350;1377.000000000;15;9672873013;S
20240221;100350;1377.000000000;3;9672873014;S
20240221;100350;1377.000000000;1;9672873015;S
20240221;100350;1377.000000000;271;9672873016;S
20240221;100350;1378.200000000;5;9672873049;B
20240221;100350;1378.000000000;5;9672873114;B
20240221;100350;1378.200000000;21;9672873115;B
20240221;100351;1377.800000000;3;9672873196;S
20240221;100351;1377.800000000;23;9672873267;S
20240221;100351;1377.600000000;37;9672873268;S
20240221;100352;1378.200000000;2;9672873553;B
20240221;100352;1377.600000000;26;9672873595;S
20240221;100352;1377.600000000;2;9672873717;S
20240221;100354;1378.200000000;30;9672874074;B
20240221;100356;1378.600000000;23;9672875366;B
20240221;100356;1378.800000000;12;9672875400;B
20240221;100357;1378.400000000;3;9672875757;S
20240221;100357;1378.800000000;32;9672875850;B
20240221;100358;1378.800000000;4;9672876441;B
20240221;100358;1378.800000000;4;9672876456;B
20240221;100359;1378.800000000;4;9672876542;B
20240221;100359;1378.800000000;1;9672876564;B
20240221;100359;1379.000000000;1;9672876613;B
20240221;100359;1378.200000000;3;9672876671;S
20240221;100401;1378.400000000;70;9672877256;S
20240221;100401;1378.800000000;25;9672877301;B
20240221;100401;1378.400000000;1;9672877476;B
20240221;100401;1378.400000000;9;9672877477;B
20240221;100402;1378.600000000;58;9672877647;B
20240221;100402;1378.600000000;58;9672877669;B
20240221;100402;1378.800000000;58;9672877688;B
20240221;100402;1378.800000000;24;9672877689;B
20240221;100402;1379.000000000;10;9672877770;B
20240221;100402;1379.200000000;58;9672877801;B
20240221;100402;1379.400000000;16;9672877806;B
20240221;100402;1379.400000000;58;9672877807;B
20240221;100402;1379.400000000;56;9672877808;B
20240221;100403;1379.400000000;4;9672878036;B
20240221;100403;1379.400000000;7;9672878059;B
20240221;100403;1379.400000000;11;9672878091;B
20240221;100403;1379.000000000;11;9672878117;S
20240221;100403;1379.600000000;8;9672878181;B
20240221;100403;1379.600000000;2;9672878238;B
20240221;100403;1379.600000000;10;9672878278;B
20240221;100403;1379.400000000;30;9672878378;S
20240221;100403;1379.600000000;3;9672878393;B
20240221;100404;1379.600000000;3;9672878443;B
20240221;100404;1379.400000000;1;9672878482;S
20240221;100404;1379.600000000;1;9672878643;B
20240221;100404;1379.600000000;4;9672878647;B
20240221;100404;1379.600000000;4;9672878671;B
20240221;100404;1379.600000000;12;9672878702;B
20240221;100404;1379.600000000;11;9672878717;B
20240221;100404;1379.600000000;1;9672878718;B
20240221;100404;1379.600000000;24;9672878731;B
20240221;100404;1379.600000000;24;9672878745;B
20240221;100404;1379.600000000;35;9672878760;B
20240221;100404;1379.600000000;35;9672878774;B
20240221;100404;1379.400000000;10;9672878798;S
20240221;100404;1379.600000000;8;9672878830;B
20240221;100404;1379.600000000;8;9672878838;B
20240221;100404;1379.600000000;3;9672878855;B
20240221;100404;1379.600000000;3;9672878865;B
20240221;100405;1379.600000000;4;9672878960;B
20240221;100405;1379.600000000;4;9672878983;B
20240221;100405;1379.600000000;5;9672879062;B
20240221;100405;1379.600000000;4;9672879164;B
20240221;100406;1379.600000000;26;9672879200;B
20240221;100406;1379.600000000;43;9672879305;B
20240221;100406;1379.800000000;4;9672879507;B
20240221;100406;1379.800000000;4;9672879539;B
20240221;100406;1380.000000000;5;9672879647;B
20240221;100406;1380.000000000;145;9672879648;B
20240221;100406;1380.000000000;58;9672879649;B
20240221;100406;1380.000000000;25;9672879650;B
20240221;100406;1380.000000000;144;9672879651;B
20240221;100406;1380.200000000;43;9672879652;B
20240221;100406;1380.200000000;28;9672879653;B
20240221;100406;1380.200000000;58;9672879654;B
20240221;100406;1380.200000000;19;9672879655;B
20240221;100406;1380.200000000;196;9672879656;B
20240221;100406;1380.400000000;5;9672879657;B
20240221;100406;1380.400000000;74;9672879658;B
20240221;100407;1380.200000000;4;9672879887;B
20240221;100407;1380.200000000;8;9672879950;B
20240221;100408;1380.200000000;4;9672879973;B
20240221;100408;1380.200000000;4;9672879990;B
20240221;100409;1380.400000000;7;9672880813;B
20240221;100409;1380.400000000;4;9672880921;B
20240221;100409;1380.200000000;7;9672881127;S
20240221;100409;1380.000000000;33;9672881128;S
20240221;100409;1380.400000000;7;9672881315;B
20240221;100410;1380.200000000;11;9672881742;B
20240221;100410;1380.000000000;100;9672881800;S
20240221;100410;1380.200000000;8;9672881931;B
20240221;100411;1380.200000000;8;9672882023;B
20240221;100411;1380.200000000;8;9672882035;B
20240221;100411;1380.200000000;2;9672882087;B
20240221;100411;1380.200000000;2;9672882094;B
20240221;100411;1380.200000000;7;9672882107;B
20240221;100411;1380.200000000;7;9672882129;B
20240221;100411;1380.200000000;12;9672882135;B
20240221;100411;1380.200000000;12;9672882155;B
20240221;100411;1380.200000000;4;9672882274;B
20240221;100411;1380.200000000;12;9672882440;B
20240221;100411;1380.200000000;12;9672882450;B
20240221;100411;1380.200000000;5;9672882465;B
20240221;100412;1380.200000000;12;9672882512;B
20240221;100412;1380.200000000;12;9672882517;B
20240221;100412;1380.000000000;20;9672882770;S
20240221;100413;1380.200000000;10;9672882867;B
20240221;100413;1380.200000000;10;9672882893;B
20240221;100413;1380.200000000;19;9672882926;B
20240221;100413;1380.200000000;19;9672882947;B
20240221;100413;1380.200000000;1;9672883012;B
20240221;100413;1380.200000000;1;9672883090;B
20240221;100414;1380.200000000;2;9672883269;B
20240221;100415;1380.200000000;19;9672883436;B
20240221;100415;1380.200000000;19;9672883460;B
20240221;100416;1380.400000000;4;9672883783;B
20240221;100416;1380.400000000;4;9672883785;B
20240221;100416;1380.200000000;20;9672883806;S
20240221;100416;1380.400000000;3;9672883810;B
20240221;100417;1380.400000000;2;9672884077;B
20240221;100418;1380.400000000;3;9672884239;B
20240221;100418;1380.600000000;34;9672884273;B
20240221;100418;1380.400000000;3;9672884339;S
20240221;100418;1380.200000000;7;9672884340;S
20240221;100418;1380.600000000;24;9672884343;B
20240221;100418;1380.600000000;5;9672884344;B
20240221;100418;1380.600000000;5;9672884345;B
20240221;100418;1380.400000000;28;9672884355;S
20240221;100419;1380.600000000;10;9672884551;B
20240221;100419;1380.600000000;5;9672884683;B
20240221;100419;1380.400000000;9;9672884696;S
20240221;100420;1380.600000000;1;9672885113;B
20240221;100422;1380.600000000;8;9672885728;B
20240221;100422;1380.600000000;8;9672885765;B
20240221;100422;1380.400000000;100;9672886263;S
20240221;100422;1380.600000000;38;9672886292;B
20240221;100422;1380.600000000;38;9672886328;B
20240221;100422;1380.600000000;31;9672886339;B
20240221;100422;1380.800000000;2;9672886340;B
20240221;100422;1380.600000000;33;9672886367;B
20240221;100422;1380.600000000;38;9672886394;B
20240221;100422;1380.600000000;38;9672886397;B
20240221;100423;1380.600000000;8;9672886792;B
20240221;100423;1380.600000000;8;9672886810;B
20240221;100423;1380.600000000;7;9672886971;B
20240221;100423;1380.600000000;7;9672886991;B
20240221;100426;1380.400000000;5;9672887802;S
20240221;100426;1380.400000000;34;9672887891;S
20240221;100426;1380.600000000;5;9672887990;B
20240221;100426;1380.600000000;1;9672887991;B
20240221;100427;1380.600000000;4;9672888297;B
20240221;100427;1380.600000000;1;9672888351;B
20240221;100428;1380.400000000;6;9672888433;S
20240221;100428;1380.600000000;4;9672888485;B
20240221;100429;1380.600000000;2;9672888743;B
20240221;100430;1380.600000000;3;9672889118;B
20240221;100430;1380.400000000;4;9672889282;S
20240221;100431;1380.200000000;5;9672889488;S
20240221;100432;1380.400000000;2;9672889581;B
20240221;100432;1380.400000000;3;9672889901;B
20240221;100434;1380.400000000;16;9672890595;B
20240221;100434;1380.200000000;14;9672890750;S
20240221;100435;1380.400000000;15;9672891092;B
20240221;100435;1380.200000000;2;9672891115;S
20240221;100435;1380.400000000;3;9672891158;B
20240221;100436;1380.200000000;10;9672891219;S
20240221;100436;1380.400000000;1;9672891281;B
20240221;100436;1380.400000000;3;9672891448;B
20240221;100437;1380.400000000;9;9672891743;B
20240221;100438;1380.400000000;11;9672892055;B
20240221;100438;1380.400000000;8;9672892080;B
20240221;100439;1380.200000000;4;9672892441;S
20240221;100439;1380.400000000;10;9672892559;B
20240221;100441;1380.400000000;15;9672892978;B
20240221;100441;1380.400000000;4;9672892979;B
20240221;100441;1380.400000000;1;9672893035;B
20240221;100443;1380.400000000;4;9672893718;B
20240221;100443;1380.400000000;3;9672893910;B
20240221;100444;1380.200000000;8;9672894257;S
20240221;100444;1380.200000000;39;9672894258;S
20240221;100444;1380.200000000;14;9672894302;S
20240221;100445;1380.400000000;1;9672894588;B
20240221;100446;1380.200000000;4;9672894923;S
20240221;100446;1380.200000000;1;9672894924;S
20240221;100446;1380.000000000;1;9672894925;S
20240221;100446;1380.000000000;1;9672894926;S
20240221;100446;1380.000000000;98;9672894927;S
20240221;100446;1380.000000000;1;9672894928;S
20240221;100446;1380.000000000;1;9672894929;S
20240221;100446;1379.800000000;10;9672894978;S
20240221;100447;1380.000000000;1;9672895234;B
20240221;100447;1380.000000000;37;9672895235;B
20240221;100447;1380.000000000;8;9672895312;B
20240221;100447;1380.000000000;7;9672895421;B
20240221;100448;1379.600000000;4;9672895497;S
20240221;100448;1379.400000000;5;9672895498;S
20240221;100448;1379.400000000;13;9672895499;S
20240221;100448;1380.200000000;138;9672895533;B
20240221;100449;1380.400000000;4;9672895806;B
20240221;100449;1380.000000000;4;9672895959;S
20240221;100450;1380.000000000;3;9672896071;B
20240221;100450;1380.200000000;3;9672896072;B
20240221;100456;1380.000000000;1;9672898038;S
20240221;100456;1380.000000000;79;9672898039;S
20240221;100456;1380.000000000;4;9672898085;S
20240221;100456;1380.000000000;1;9672898157;S
20240221;100457;1380.200000000;2;9672898285;B
20240221;100457;1380.200000000;5;9672898286;B
20240221;100457;1380.200000000;7;9672898287;B
20240221;100457;1380.200000000;12;9672898504;B
20240221;100457;1380.200000000;12;9672898531;B
20240221;100459;1380.000000000;1;9672899477;S
20240221;100500;1380.200000000;6;9672899679;B
20240221;100500;1380.200000000;13;9672899742;B
20240221;100500;1380.200000000;13;9672899759;B
20240221;100501;1380.000000000;300;9672900214;S
20240221;100501;1380.200000000;1;9672900385;B
20240221;100501;1380.000000000;56;9672900431;S
20240221;100502;1380.000000000;33;9672900727;S
20240221;100502;1380.000000000;11;9672900765;S
20240221;100502;1380.200000000;2;9672900794;B
20240221;100502;1380.200000000;2;9672900799;B
20240221;100503;1380.000000000;9;9672901007;S
20240221;100503;1380.000000000;88;9672901190;S
20240221;100503;1380.000000000;5;9672901292;S
20240221;100506;1380.000000000;32;9672902195;S
20240221;100507;1380.200000000;3;9672902373;B
20240221;100507;1380.200000000;1;9672902432;B
20240221;100507;1380.200000000;1;9672902433;B
20240221;100508;1380.000000000;20;9672902918;S
20240221;100511;1380.200000000;143;9672903823;B
20240221;100511;1380.200000000;70;9672903824;B
20240221;100511;1380.200000000;218;9672903825;B
20240221;100511;1380.200000000;57;9672903826;B
20240221;100511;1380.200000000;12;9672903827;B
20240221;100513;1380.200000000;1;9672904858;B
20240221;100513;1380.200000000;1;9672904859;B
20240221;100515;1380.200000000;38;9672905559;B
20240221;100515;1380.200000000;38;9672905569;B
20240221;100515;1380.200000000;7;9672905925;B
20240221;100515;1380.200000000;7;9672905954;B
20240221;100516;1380.000000000;100;9672905979;S
20240221;100516;1380.200000000;8;9672906015;B
20240221;100517;1380.200000000;2;9672906452;B
20240221;100517;1380.200000000;1;9672906687;B
20240221;100517;1380.000000000;2;9672906733;S
20240221;100519;1380.200000000;27;9672907166;B
20240221;100520;1380.000000000;146;9672907518;S
20240221;100521;1380.000000000;2;9672907652;S
20240221;100521;1380.000000000;100;9672907704;S
20240221;100521;1380.000000000;11;9672907742;S
20240221;100521;1380.000000000;1;9672907822;S
20240221;100521;1380.000000000;1;9672907823;S
20240221;100521;1380.000000000;3;9672907824;S
20240221;100521;1380.000000000;1;9672907825;S
20240221;100521;1380.000000000;1;9672907826;S
20240221;100522;1379.600000000;3;9672908035;B
20240221;100523;1379.600000000;1;9672908215;B
20240221;100523;1379.400000000;1;9672908457;S
20240221;100523;1379.000000000;20;9672908458;S
20240221;100523;1378.800000000;8;9672908459;S
20240221;100523;1378.600000000;21;9672908460;S
20240221;100523;1379.000000000;1;9672908463;B
20240221;100524;1378.000000000;1;9672908521;S
20240221;100524;1378.000000000;5;9672908522;S
20240221;100524;1378.000000000;6;9672908523;S
20240221;100526;1378.200000000;50;9672909403;S
20240221;100527;1378.800000000;3;9672909801;B
20240221;100528;1379.200000000;3;9672910008;S
20240221;100528;1378.800000000;27;9672910009;S
20240221;100528;1378.800000000;1;9672910092;S
20240221;100528;1379.400000000;1;9672910265;B
20240221;100528;1379.400000000;1;9672910296;B
20240221;100528;1379.400000000;2;9672910390;B
20240221;100528;1379.400000000;34;9672910429;B
20240221;100529;1379.200000000;1;9672910466;S
20240221;100529;1378.800000000;43;9672910467;S
20240221;100529;1379.200000000;37;9672910632;B
20240221;100529;1378.800000000;100;9672910739;S
20240221;100529;1379.200000000;8;9672910901;B
20240221;100530;1379.000000000;4;9672910987;B
20240221;100530;1379.000000000;7;9672911034;B
20240221;100531;1379.000000000;35;9672911452;B
20240221;100531;1379.000000000;36;9672911496;B
20240221;100531;1379.200000000;15;9672911534;B
20240221;100531;1379.200000000;27;9672911584;B
20240221;100533;1378.800000000;16;9672912479;S
20240221;100536;1379.400000000;1;9672913052;B
20240221;100536;1379.400000000;18;9672913387;B
20240221;100536;1379.400000000;4;9672913388;B
20240221;100536;1379.200000000;23;9672913425;B
20240221;100537;1378.800000000;100;9672913662;S
20240221;100537;1378.800000000;77;9672913663;S
20240221;100537;1378.600000000;7;9672913670;S
20240221;100538;1378.600000000;2;9672913861;B
20240221;100538;1378.200000000;50;9672913988;S
20240221;100539;1378.600000000;7;9672914139;B
20240221;100540;1378.600000000;5;9672914283;B
20240221;100543;1378.000000000;19;9672915281;S
20240221;100543;1378.000000000;5;9672915367;S
20240221;100543;1378.000000000;30;9672915373;S
20240221;100544;1378.600000000;10;9672915504;B
20240221;100545;1378.600000000;8;9672915761;B
20240221;100545;1378.800000000;23;9672915798;B
20240221;100545;1378.800000000;11;9672915799;B
20240221;100545;1378.800000000;3;9672915850;B
20240221;100545;1378.800000000;45;9672916036;B
20240221;100545;1378.800000000;10;9672916039;B
20240221;100545;1378.800000000;31;9672916040;B
20240221;100546;1379.400000000;8;9672916405;B
20240221;100546;1379.400000000;12;9672916417;B
20240221;100546;1378.800000000;20;9672916492;B
20240221;100546;1378.800000000;30;9672916601;B
20240221;100546;1378.800000000;30;9672916628;B
20240221;100546;1378.800000000;20;9672916645;B
20240221;100546;1378.800000000;18;9672916646;B
20240221;100546;1379.200000000;38;9672916686;B
20240221;100546;1378.800000000;150;9672916774;S
20240221;100547;1378.800000000;100;9672916957;S
20240221;100548;1379.200000000;19;9672917510;B
20240221;100548;1379.200000000;18;9672917511;B
20240221;100548;1379.200000000;50;9672917554;B
20240221;100549;1378.600000000;87;9672918104;S
20240221;100549;1378.600000000;13;9672918105;S
20240221;100549;1379.200000000;6;9672918232;B
20240221;100549;1379.200000000;19;9672918233;B
20240221;100549;1379.200000000;2;9672918305;B
20240221;100549;1379.200000000;2;9672918310;B
20240221;100550;1379.200000000;1;9672918414;B
20240221;100550;1378.800000000;100;9672918575;S
20240221;100551;1378.800000000;132;9672918820;S
20240221;100551;1378.800000000;232;9672918821;S
20240221;100551;1378.400000000;25;9672918822;S
20240221;100551;1378.400000000;11;9672918823;S
20240221;100555;1379.200000000;1;9672920306;B
20240221;100556;1379.200000000;5;9672920476;B
20240221;100556;1379.200000000;18;9672920592;B
20240221;100556;1379.200000000;3;9672920630;B
20240221;100556;1379.200000000;3;9672920631;B
20240221;100556;1379.000000000;29;9672920685;B
20240221;100556;1378.800000000;100;9672920755;S
20240221;100558;1378.800000000;100;9672921073;S
20240221;100558;1378.600000000;100;9672921193;S
20240221;100559;1378.800000000;4;9672921234;B
20240221;100559;1378.800000000;1;9672921452;B
20240221;100601;1378.200000000;200;9672922140;S
20240221;100601;1378.200000000;4;9672922141;S
20240221;100601;1378.000000000;5;9672922142;S
20240221;100601;1377.800000000;25;9672922143;S
20240221;100601;1377.800000000;28;9672922144;S
20240221;100601;1377.600000000;50;9672922145;S
20240221;100601;1377.600000000;1;9672922146;S
20240221;100601;1377.600000000;204;9672922147;S
20240221;100601;1377.600000000;70;9672922148;S
20240221;100601;1377.400000000;25;9672922149;S
20240221;100601;1377.400000000;25;9672922150;S
20240221;100601;1377.400000000;25;9672922151;S
20240221;100601;1377.400000000;10;9672922152;S
20240221;100601;1377.400000000;57;9672922153;S
20240221;100601;1377.400000000;50;9672922154;S
20240221;100601;1377.400000000;10;9672922155;S
20240221;100601;1377.200000000;211;9672922156;S
20240221;100601;1378.200000000;84;9672922708;B
20240221;100603;1378.200000000;4;9672923645;S
20240221;100603;1379.000000000;58;9672923992;B
20240221;100603;1379.000000000;71;9672923993;B
20240221;100603;1379.000000000;8;9672924022;B
20240221;100603;1379.000000000;8;9672924091;B
20240221;100603;1379.200000000;196;9672924103;B
20240221;100604;1379.400000000;38;9672924195;B
20240221;100604;1379.600000000;7;9672924228;B
20240221;100604;1379.600000000;7;9672924406;B
20240221;100604;1379.600000000;17;9672924547;B
20240221;100604;1379.600000000;17;9672924548;B
20240221;100605;1379.800000000;1;9672924624;B
20240221;100605;1379.200000000;100;9672924821;S
20240221;100608;1379.400000000;5;9672926011;B
20240221;100608;1379.600000000;53;9672926225;B
20240221;100608;1379.600000000;45;9672926228;B
20240221;100609;1379.800000000;4;9672926435;B
20240221;100609;1379.800000000;19;9672926463;B
20240221;100609;1379.600000000;2;9672926787;S
20240221;100609;1380.000000000;28;9672926971;B
20240221;100609;1380.000000000;57;9672926972;B
20240221;100610;1380.000000000;8;9672927045;B
20240221;100610;1380.000000000;8;9672927049;B
20240221;100610;1380.000000000;7;9672927137;B
20240221;100610;1380.000000000;7;9672927142;B
20240221;100610;1380.000000000;38;9672927235;B
20240221;100610;1380.000000000;38;9672927237;B
20240221;100610;1380.000000000;31;9672927270;B
20240221;100610;1380.000000000;31;9672927271;B
20240221;100610;1380.000000000;4;9672927397;B
20240221;100610;1380.000000000;4;9672927422;B
20240221;100610;1380.000000000;5;9672927602;B
20240221;100610;1380.000000000;34;9672927630;B
20240221;100611;1379.800000000;4;9672927932;B
20240221;100611;1379.800000000;3;9672928010;B
20240221;100611;1379.800000000;33;9672928070;B
20240221;100612;1379.800000000;3;9672928326;B
20240221;100612;1379.800000000;4;9672928510;B
20240221;100612;1379.800000000;53;9672928561;B
20240221;100612;1380.000000000;28;9672928562;B
20240221;100613;1380.000000000;4;9672928851;B
20240221;100613;1380.000000000;4;9672928871;B
20240221;100613;1380.000000000;4;9672928885;B
20240221;100613;1380.000000000;4;9672928910;B
20240221;100613;1379.800000000;83;9672928954;S
20240221;100614;1380.000000000;18;9672929262;B
20240221;100614;1380.000000000;18;9672929287;B
20240221;100614;1380.000000000;8;9672929455;B
20240221;100614;1380.000000000;8;9672929475;B
20240221;100614;1379.800000000;8;9672929581;S
20240221;100614;1380.000000000;2;9672929636;B
20240221;100614;1380.000000000;2;9672929655;B
20240221;100614;1380.000000000;4;9672929772;B
20240221;100614;1380.000000000;4;9672929793;B
20240221;100615;1379.800000000;100;9672929845;S
20240221;100615;1380.000000000;4;9672929865;B
20240221;100615;1380.000000000;4;9672929892;B
20240221;100615;1379.800000000;180;9672930056;S
20240221;100615;1380.000000000;2;9672930138;B
20240221;100615;1380.000000000;2;9672930156;B
20240221;100617;1379.800000000;145;9672930514;S
20240221;100617;1380.000000000;15;9672930524;B
20240221;100617;1380.000000000;15;9672930530;B
20240221;100617;1379.800000000;1;9672930537;S
20240221;100618;1380.000000000;1;9672931069;B
20240221;100619;1379.600000000;130;9672931378;S
20240221;100619;1379.600000000;6;9672931379;S
20240221;100619;1379.600000000;100;9672931522;S
20240221;100620;1379.600000000;15;9672931662;S
20240221;100620;1379.800000000;21;9672931689;B
20240221;100622;1379.600000000;99;9672932345;S
20240221;100622;1379.600000000;1;9672932346;S
20240221;100624;1379.800000000;1;9672932936;B
20240221;100624;1379.600000000;3;9672932945;S
20240221;100624;1379.600000000;2;9672932946;B
20240221;100625;1379.600000000;68;9672933239;S
20240221;100625;1379.600000000;32;9672933240;B
20240221;100625;1379.800000000;47;9672933377;B
20240221;100625;1379.800000000;149;9672933379;B
20240221;100625;1379.800000000;4;9672933380;B
20240221;100626;1379.400000000;5;9672933506;S
20240221;100627;1379.400000000;200;9672933816;S
20240221;100627;1379.400000000;27;9672933817;S
20240221;100627;1379.400000000;1;9672933909;B
20240221;100629;1379.400000000;36;9672934562;B
20240221;100629;1379.400000000;2;9672934588;B
20240221;100629;1379.400000000;33;9672934620;B
20240221;100630;1379.400000000;50;9672934924;B
20240221;100630;1379.400000000;51;9672934925;B
20240221;100630;1379.800000000;20;9672934960;B
20240221;100631;1379.600000000;30;9672935102;S
20240221;100631;1379.600000000;1;9672935108;S
20240221;100633;1379.800000000;2;9672935634;B
20240221;100633;1379.600000000;145;9672935719;S
20240221;100634;1379.800000000;3;9672935892;B
20240221;100634;1379.800000000;16;9672935893;B
20240221;100634;1379.800000000;9;9672935895;B
20240221;100634;1380.000000000;10;9672935896;B
20240221;100634;1379.800000000;1;9672935926;B
20240221;100634;1379.800000000;1;9672935931;B
20240221;100634;1379.800000000;23;9672936031;B
20240221;100634;1379.800000000;15;9672936032;B
20240221;100634;1379.800000000;105;9672936080;B
20240221;100635;1380.000000000;143;9672936286;B
20240221;100635;1380.000000000;1;9672936300;B
20240221;100635;1379.800000000;100;9672936474;S
20240221;100636;1380.000000000;1;9672936662;B
20240221;100637;1380.000000000;1;9672937045;B
20240221;100637;1380.000000000;4;9672937074;B
20240221;100637;1380.000000000;2;9672937099;B
20240221;100638;1379.800000000;2;9672937262;B
20240221;100639;1379.800000000;23;9672937486;B
20240221;100639;1380.000000000;15;9672937487;B
20240221;100639;1379.600000000;100;9672937610;S
20240221;100641;1380.000000000;3;9672938266;B
20240221;100642;1380.000000000;38;9672938558;B
20240221;100642;1380.000000000;33;9672938762;B
20240221;100643;1379.800000000;9;9672938894;S
20240221;100643;1379.800000000;22;9672938988;S
20240221;100643;1380.000000000;19;9672939077;B
20240221;100644;1380.000000000;138;9672939368;B
20240221;100645;1379.800000000;100;9672940093;S
20240221;100645;1380.000000000;1;9672940143;B
20240221;100645;1379.800000000;1;9672940501;S
20240221;100645;1380.000000000;350;9672940579;B
20240221;100646;1380.000000000;15;9672940712;B
20240221;100646;1379.800000000;1;9672940900;S
20240221;100646;1380.000000000;3;9672940911;B
20240221;100646;1380.000000000;11;9672940965;B
20240221;100646;1380.000000000;23;9672940999;B
20240221;100647;1379.800000000;100;9672941169;S
20240221;100648;1380.000000000;7;9672941661;B
20240221;100648;1380.000000000;4;9672941692;B
20240221;100649;1380.000000000;19;9672942029;B
20240221;100650;1380.000000000;1;9672942423;B
20240221;100650;1380.000000000;18;9672942451;B
20240221;100650;1380.000000000;30;9672942499;B
20240221;100650;1379.800000000;2;9672942513;S
20240221;100650;1380.000000000;24;9672942514;B
20240221;100650;1380.000000000;105;9672942515;B
20240221;100650;1380.000000000;24;9672942519;B
20240221;100650;1380.000000000;2;9672942599;B
20240221;100651;1379.800000000;5;9672942810;S
20240221;100651;1379.800000000;4;9672942824;S
20240221;100651;1380.000000000;1;9672942863;B
20240221;100651;1379.800000000;100;9672942871;S
20240221;100652;1379.800000000;18;9672943146;S
20240221;100653;1379.800000000;23;9672943474;S
20240221;100654;1380.000000000;1;9672943518;B
20240221;100654;1379.800000000;5;9672943524;S
20240221;100654;1380.000000000;12;9672943614;B
20240221;100656;1379.800000000;1;9672944190;S
20240221;100656;1379.800000000;100;9672944222;S
20240221;100656;1380.000000000;1;9672944288;B
20240221;100657;1380.000000000;1;9672944408;B
20240221;100657;1379.800000000;45;9672944637;S
20240221;100658;1379.800000000;20;9672944898;S
20240221;100658;1379.800000000;8;9672944953;S
20240221;100701;1379.800000000;2;9672945674;S
20240221;100701;1379.800000000;5;9672945737;S
20240221;100701;1380.000000000;1;9672945777;B
20240221;100702;1380.000000000;20;9672945923;B
20240221;100702;1379.800000000;1;9672945940;S
20240221;100705;1379.800000000;19;9672946958;S
20240221;100705;1379.600000000;2;9672946959;S
20240221;100706;1379.800000000;1;9672947102;B
20240221;100706;1379.800000000;1;9672947362;B
20240221;100706;1379.600000000;29;9672947403;S
20240221;100706;1379.600000000;100;9672947424;S
20240221;100708;1379.600000000;1;9672947724;S
20240221;100710;1379.600000000;2;9672948396;S
20240221;100711;1379.600000000;84;9672948561;S
20240221;100711;1379.800000000;4;9672948649;B
20240221;100712;1379.800000000;72;9672948911;B
20240221;100712;1379.600000000;31;9672948912;S
20240221;100719;1379.600000000;4;9672950883;S
20240221;100720;1379.800000000;2;9672951004;B
20240221;100721;1379.600000000;30;9672951433;S
20240221;100722;1379.800000000;1;9672951565;B
20240221;100722;1379.800000000;1;9672951566;B
20240221;100722;1379.800000000;1;9672951568;S
20240221;100722;1379.800000000;10;9672951728;S
20240221;100723;1380.000000000;1;9672951780;B
20240221;100724;1379.800000000;1;9672952055;S
20240221;100725;1380.000000000;31;9672952268;B
20240221;100725;1380.000000000;19;9672952269;B
20240221;100731;1379.800000000;12;9672954271;S
20240221;100733;1380.000000000;1;9672954548;B
20240221;100733;1380.000000000;2;9672954791;B
20240221;100733;1380.000000000;3;9672954799;B
20240221;100735;1379.800000000;94;9672955033;S
20240221;100735;1379.800000000;6;9672955034;S
20240221;100735;1379.800000000;5;9672955148;S
20240221;100736;1379.800000000;30;9672955430;S
20240221;100736;1380.000000000;3;9672955488;B
20240221;100737;1379.800000000;9;9672955573;S
20240221;100737;1380.000000000;2;9672955727;B
20240221;100737;1380.000000000;3;9672955736;B
20240221;100737;1379.800000000;50;9672955737;S
20240221;100737;1379.600000000;15;9672955738;S
20240221;100737;1379.600000000;1;9672955739;S
20240221;100737;1379.400000000;1;9672955740;S
20240221;100737;1379.400000000;200;9672955741;S
20240221;100737;1379.400000000;57;9672955742;S
20240221;100737;1379.400000000;176;9672955743;S
20240221;100742;1380.000000000;1;9672957297;B
20240221;100744;1379.600000000;6;9672957863;S
20240221;100744;1379.600000000;15;9672957870;S
20240221;100745;1380.000000000;1;9672958029;B
20240221;100745;1380.000000000;1;9672958094;B
20240221;100745;1380.000000000;1;9672958173;B
20240221;100746;1380.000000000;1;9672958260;B
20240221;100748;1379.800000000;1;9672958902;S
20240221;100748;1380.000000000;5;9672959047;B
20240221;100749;1380.000000000;3;9672959136;B
20240221;100749;1380.000000000;20;9672959137;B
20240221;100750;1379.800000000;58;9672959552;S
20240221;100750;1379.600000000;2;9672959553;S
20240221;100750;1379.600000000;70;9672959554;S
20240221;100750;1379.400000000;24;9672959555;S
20240221;100750;1379.400000000;57;9672959556;S
20240221;100750;1379.200000000;1;9672959557;S
20240221;100750;1379.200000000;58;9672959558;S
20240221;100752;1379.800000000;26;9672960164;B
20240221;100755;1379.000000000;2;9672961305;S
20240221;100756;1379.000000000;1;9672961407;S
20240221;100756;1379.000000000;2;9672961470;S
20240221;100756;1379.000000000;5;9672961630;S
20240221;100758;1379.200000000;2;9672962738;S
20240221;100758;1379.200000000;2;9672962739;S
20240221;100758;1379.000000000;3;9672962740;S
20240221;100758;1379.000000000;70;9672962741;S
20240221;100758;1379.000000000;1;9672962742;S
20240221;100758;1379.000000000;53;9672962746;B
20240221;100758;1379.200000000;2;9672962747;B
20240221;100759;1379.600000000;10;9672963055;B
20240221;100759;1379.600000000;1;9672963095;B
20240221;100759;1379.400000000;24;9672963138;S
20240221;100759;1379.400000000;10;9672963175;S
20240221;100802;1379.600000000;1;9672963948;B
20240221;100805;1379.400000000;19;9672964913;S
20240221;100805;1379.400000000;1;9672964914;S
20240221;100805;1379.000000000;51;9672964915;S
20240221;100805;1379.600000000;88;9672964917;B
20240221;100805;1379.600000000;25;9672964918;B
20240221;100805;1379.600000000;187;9672964919;B
20240221;100805;1379.000000000;1;9672964951;S
20240221;100806;1379.600000000;10;9672965095;B
20240221;100806;1379.800000000;29;9672965138;B
20240221;100806;1379.800000000;32;9672965139;B
20240221;100806;1379.000000000;1;9672965153;S
20240221;100806;1379.000000000;2;9672965154;S
20240221;100806;1379.000000000;4;9672965155;S
20240221;100806;1379.800000000;4;9672965240;B
20240221;100807;1379.800000000;4;9672965457;B
20240221;100808;1379.800000000;19;9672965741;B
20240221;100808;1379.800000000;4;9672965844;B
20240221;100808;1379.800000000;37;9672965968;B
20240221;100808;1379.800000000;63;9672965969;B
20240221;100808;1380.000000000;34;9672965975;B
20240221;100808;1380.000000000;10;9672965976;B
20240221;100808;1380.000000000;15;9672965977;B
20240221;100808;1380.000000000;200;9672965978;B
20240221;100808;1380.000000000;30;9672965979;B
20240221;100808;1380.000000000;11;9672965980;B
20240221;100811;1379.400000000;3;9672966580;S
20240221;100811;1379.200000000;97;9672966581;S
20240221;100811;1380.000000000;2;9672966607;B
20240221;100811;1379.800000000;1;9672966747;B
20240221;100814;1379.200000000;41;9672967546;S
20240221;100814;1379.200000000;4;9672967547;S
20240221;100814;1379.000000000;45;9672967548;S
20240221;100817;1379.800000000;10;9672968816;B
20240221;100818;1379.800000000;1;9672968847;B
20240221;100818;1379.800000000;1;9672969046;B
20240221;100819;1379.800000000;12;9672969189;B
20240221;100819;1379.800000000;45;9672969190;B
20240221;100820;1379.800000000;37;9672969406;B
20240221;100820;1379.800000000;11;9672969558;B
20240221;100820;1379.800000000;27;9672969582;B
20240221;100821;1379.800000000;1;9672969804;B
20240221;100823;1380.000000000;10;9672970290;B
20240221;100823;1380.000000000;15;9672970291;B
20240221;100823;1380.000000000;25;9672970292;B
20240221;100823;1379.200000000;1;9672970300;S
20240221;100824;1379.800000000;2;9672970548;S
20240221;100824;1379.200000000;6;9672970549;S
20240221;100824;1379.200000000;2;9672970550;S
20240221;100824;1380.000000000;31;9672970551;B
20240221;100824;1380.000000000;50;9672970552;B
20240221;100824;1380.000000000;10;9672970553;B
20240221;100824;1380.000000000;3;9672970554;B
20240221;100824;1380.000000000;2;9672970555;B
20240221;100824;1380.000000000;2;9672970556;B
20240221;100824;1380.000000000;36;9672970557;B
20240221;100824;1380.000000000;7;9672970615;B
20240221;100825;1379.200000000;1;9672970829;S
20240221;100825;1379.200000000;99;9672970846;S
20240221;100826;1379.400000000;1;9672971021;B
20240221;100826;1379.800000000;1;9672971056;B
20240221;100826;1380.000000000;2;9672971159;B
20240221;100826;1380.000000000;3;9672971160;B
20240221;100826;1380.000000000;4;9672971212;B
20240221;100827;1379.800000000;1;9672971480;S
20240221;100827;1380.000000000;34;9672971577;B
20240221;100828;1380.000000000;1;9672971860;B
20240221;100831;1379.800000000;4;9672972448;B
20240221;100833;1379.600000000;8;9672973007;B
20240221;100834;1379.600000000;3;9672973152;B
20240221;100834;1379.600000000;20;9672973272;B
20240221;100836;1379.200000000;40;9672973774;S
20240221;100838;1379.800000000;21;9672975280;B
20240221;100838;1380.000000000;2;9672975281;B
20240221;100838;1380.000000000;23;9672975332;B
20240221;100839;1379.600000000;75;9672975559;S
20240221;100839;1379.200000000;175;9672975560;S
20240221;100839;1379.000000000;1;9672975759;S
20240221;100839;1379.000000000;57;9672975760;S
20240221;100840;1379.800000000;2;9672976079;S
20240221;100840;1379.200000000;3;9672976080;S
20240221;100844;1379.000000000;43;9672977124;S
20240221;100844;1379.000000000;1;9672977125;S
20240221;100844;1379.000000000;5;9672977126;S
20240221;100844;1379.000000000;6;9672977127;S
20240221;100845;1379.200000000;1;9672977278;B
20240221;100849;1379.200000000;5;9672978058;B
20240221;100849;1379.000000000;1;9672978272;S
20240221;100849;1379.000000000;9;9672978273;S
20240221;100850;1379.200000000;2;9672978563;B
20240221;100851;1379.000000000;20;9672978848;S
20240221;100854;1379.200000000;1;9672979741;B
20240221;100854;1379.200000000;1;9672979819;B
20240221;100855;1379.000000000;28;9672979953;S
20240221;100855;1379.000000000;4;9672979954;S
20240221;100855;1379.000000000;2;9672979998;B
20240221;100856;1379.000000000;2;9672980066;B
20240221;100856;1379.000000000;10;9672980172;B
20240221;100856;1378.800000000;10;9672980607;S
20240221;100856;1378.800000000;10;9672980608;S
20240221;100856;1378.800000000;10;9672980609;S
20240221;100856;1378.800000000;5;9672980610;S
20240221;100856;1378.800000000;24;9672980611;S
20240221;100856;1379.000000000;2;9672980664;B
20240221;100858;1379.000000000;2;9672981040;B
20240221;100858;1379.000000000;12;9672981072;B
20240221;100859;1379.000000000;1;9672981612;B
20240221;100900;1378.800000000;33;9672981666;S
20240221;100900;1378.800000000;10;9672981667;S
20240221;100900;1378.800000000;2;9672981668;S
20240221;100900;1378.600000000;12;9672981669;S
20240221;100900;1378.600000000;57;9672981670;S
20240221;100900;1378.400000000;10;9672981671;S
20240221;100900;1378.400000000;57;9672981672;S
20240221;100900;1378.400000000;169;9672981673;S
20240221;100900;1378.400000000;25;9672981674;S
20240221;100900;1378.200000000;1;9672981675;S
20240221;100900;1378.200000000;198;9672981676;S
20240221;100900;1378.200000000;26;9672981677;S
20240221;100900;1379.000000000;2;9672981777;B
20240221;100901;1379.000000000;1;9672982014;B
20240221;100902;1378.200000000;1;9672982270;S
20240221;100903;1378.200000000;1;9672982583;S
20240221;100904;1379.000000000;2;9672982594;B
20240221;100904;1378.200000000;5;9672982698;S
20240221;100907;1378.800000000;3;9672983323;B
20240221;100907;1378.200000000;9;9672983411;S
20240221;100907;1378.000000000;5;9672983412;S
20240221;100907;1378.000000000;1;9672983413;S
20240221;100907;1378.000000000;5;9672983414;S
20240221;100907;1378.000000000;5;9672983415;S
20240221;100907;1378.000000000;1;9672983416;S
20240221;100907;1378.000000000;5;9672983417;S
20240221;100907;1378.000000000;1;9672983418;S
20240221;100907;1378.000000000;57;9672983419;S
20240221;100907;1378.000000000;2;9672983420;S
20240221;100907;1377.800000000;40;9672983421;S
20240221;100908;1378.400000000;2;9672983745;B
20240221;100913;1378.600000000;2;9672985011;B
20240221;100918;1378.200000000;102;9672986519;B
20240221;100919;1377.800000000;2;9672986622;S
20240221;100919;1377.800000000;4;9672986623;S
20240221;100919;1377.800000000;4;9672986728;S
20240221;100919;1378.200000000;2;9672986745;B
20240221;100925;1378.200000000;2;9672988341;B
20240221;100926;1378.200000000;12;9672988547;B
20240221;100927;1378.000000000;8;9672988881;S
20240221;100929;1378.200000000;17;9672989224;B
20240221;100929;1378.200000000;25;9672989481;S
20240221;100933;1378.200000000;5;9672990798;S
20240221;100933;1378.000000000;11;9672990799;S
20240221;100934;1378.000000000;100;9672991048;S
20240221;100935;1378.000000000;100;9672991131;S
20240221;100937;1378.200000000;1;9672992364;S
20240221;100937;1378.000000000;1;9672992365;S
20240221;100937;1378.000000000;198;9672992366;B
20240221;100938;1378.000000000;3;9672992506;S
20240221;100939;1377.800000000;13;9672992909;S
20240221;100939;1377.800000000;1;9672993048;S
20240221;100941;1378.000000000;10;9672993389;B
20240221;100942;1378.000000000;5;9672993555;B
20240221;100942;1377.800000000;40;9672993587;S
20240221;100943;1377.800000000;20;9672993742;S
20240221;100943;1378.000000000;1;9672993768;B
20240221;100944;1377.800000000;5;9672994054;S
20240221;100945;1377.800000000;4;9672994239;S
20240221;100946;1377.800000000;6;9672994637;S
20240221;100946;1378.000000000;9;9672994751;B
20240221;100948;1377.800000000;2;9672995148;S
20240221;100949;1378.000000000;1;9672995308;B
20240221;100949;1377.800000000;1;9672995317;S
20240221;100949;1377.800000000;2;9672995327;S
20240221;100949;1377.800000000;8;9672995328;S
20240221;100949;1378.000000000;1;9672995621;B
20240221;100950;1378.000000000;15;9672995826;B
20240221;100950;1378.000000000;23;9672995848;B
20240221;100952;1378.000000000;15;9672996571;B
20240221;100953;1377.800000000;1;9672996663;S
20240221;100953;1377.800000000;19;9672996664;S
20240221;100953;1378.000000000;4;9672996686;B
20240221;100953;1378.000000000;1;9672996708;B
20240221;100953;1378.000000000;7;9672996718;B
20240221;100953;1378.000000000;8;9672996746;B
20240221;100953;1378.000000000;11;9672996847;B
20240221;100953;1378.000000000;8;9672996876;B
20240221;100954;1378.000000000;75;9672997028;B
20240221;100955;1378.200000000;1;9672997337;B
20240221;100955;1378.400000000;1;9672997358;B
20240221;100956;1378.600000000;35;9672997630;B
20240221;100957;1378.000000000;1;9672997778;B
20240221;100957;1378.400000000;37;9672998003;B
20240221;100959;1377.800000000;6;9672998393;S
20240221;100959;1377.800000000;25;9672998394;S
20240221;100959;1377.800000000;69;9672998395;S
20240221;100959;1378.000000000;1;9672998520;B
20240221;101000;1378.400000000;6;9672998586;B
20240221;101000;1377.800000000;149;9672998685;S
20240221;101000;1377.800000000;18;9672998686;S
20240221;101000;1377.600000000;1;9672998687;S
20240221;101000;1377.600000000;10;9672998688;S
20240221;101000;1377.600000000;58;9672998689;S
20240221;101000;1377.600000000;25;9672998690;S
20240221;101000;1377.400000000;9;9672998691;S
20240221;101000;1377.800000000;10;9672998743;B
20240221;101001;1377.400000000;27;9672999164;S
20240221;101002;1377.800000000;1;9672999227;B
20240221;101002;1377.400000000;1;9672999248;S
20240221;101002;1377.800000000;1;9672999351;B
20240221;101003;1377.800000000;20;9672999590;B
20240221;101003;1377.800000000;1;9672999650;B
20240221;101008;1377.800000000;1;9673001240;B
20240221;101009;1377.800000000;1;9673001559;B
20240221;101009;1377.800000000;2;9673001605;B
20240221;101009;1377.800000000;1;9673001650;B
20240221;101011;1377.400000000;3;9673002061;S
20240221;101012;1377.800000000;1;9673002370;B
20240221;101013;1377.600000000;8;9673002644;S
20240221;101013;1377.600000000;2;9673002645;S
20240221;101013;1377.400000000;7;9673002886;S
20240221;101013;1377.400000000;1;9673002887;S
20240221;101013;1377.400000000;1;9673002888;S
20240221;101013;1377.200000000;67;9673002889;S
20240221;101016;1377.800000000;2;9673003972;B
20240221;101017;1377.400000000;100;9673004541;S
20240221;101018;1377.800000000;1;9673004828;B
20240221;101018;1377.200000000;25;9673004835;S
20240221;101020;1377.400000000;10;9673005262;B
20240221;101020;1377.400000000;70;9673005263;B
20240221;101021;1377.800000000;1;9673005340;B
20240221;101022;1377.800000000;4;9673005704;B
20240221;101023;1377.200000000;97;9673005945;S
20240221;101023;1377.200000000;1;9673005946;S
20240221;101023;1377.200000000;1;9673005947;S
20240221;101023;1377.200000000;101;9673005948;S
20240221;101023;1377.800000000;8;9673005952;B
20240221;101023;1377.800000000;8;9673005955;B
20240221;101026;1377.600000000;4;9673006785;B
20240221;101026;1377.600000000;4;9673006807;B
20240221;101026;1377.600000000;7;9673006828;B
20240221;101026;1377.600000000;7;9673006855;B
20240221;101026;1377.600000000;19;9673006857;B
20240221;101026;1377.600000000;17;9673006886;B
20240221;101026;1377.600000000;2;9673006887;B
20240221;101026;1377.600000000;4;9673007292;B
20240221;101026;1377.600000000;4;9673007316;B
20240221;101027;1377.600000000;7;9673007405;B
20240221;101027;1377.600000000;7;9673007422;B
20240221;101027;1377.600000000;2;9673007587;B
20240221;101028;1377.800000000;1;9673007658;B
20240221;101029;1377.800000000;1;9673007987;B
20240221;101029;1377.800000000;3;9673008056;B
20240221;101029;1377.200000000;2;9673008269;S
20240221;101030;1377.800000000;2;9673008443;B
20240221;101030;1377.800000000;1;9673008444;B
20240221;101030;1377.800000000;24;9673008445;B
20240221;101030;1377.800000000;3;9673008474;B
20240221;101030;1377.400000000;20;9673008565;S
20240221;101031;1377.800000000;34;9673008745;B
20240221;101031;1377.800000000;9;9673008781;B
20240221;101031;1378.000000000;5;9673008782;B
20240221;101031;1378.000000000;2;9673008799;B
20240221;101032;1378.000000000;22;9673008987;B
20240221;101035;1378.400000000;38;9673009716;B
20240221;101035;1378.400000000;19;9673009763;B
20240221;101035;1378.400000000;1;9673009764;B
20240221;101035;1378.400000000;100;9673009765;B
20240221;101035;1377.800000000;1;9673009925;S
20240221;101035;1377.600000000;1;9673009926;S
20240221;101036;1377.600000000;24;9673010044;S
20240221;101036;1377.600000000;176;9673010045;S
20240221;101037;1378.000000000;2;9673010710;S
20240221;101039;1378.600000000;43;9673011056;B
20240221;101041;1378.000000000;1;9673012070;S
20240221;101041;1378.000000000;7;9673012336;S
20240221;101041;1378.000000000;11;9673012337;S
20240221;101041;1377.800000000;11;9673012338;S
20240221;101041;1377.800000000;3;9673012339;S
20240221;101041;1377.800000000;1;9673012340;S
20240221;101041;1377.600000000;49;9673012341;S
20240221;101041;1377.400000000;10;9673012342;S
20240221;101041;1377.400000000;8;9673012343;S
20240221;101041;1378.400000000;31;9673012416;B
20240221;101041;1378.400000000;7;9673012470;B
20240221;101044;1377.600000000;9;9673013564;S
20240221;101045;1378.400000000;2;9673013768;B
20240221;101047;1377.600000000;23;9673014368;S
20240221;101049;1378.000000000;10;9673014931;B
20240221;101051;1377.400000000;20;9673015457;S
20240221;101051;1378.200000000;1;9673015539;B
20240221;101052;1378.200000000;7;9673015643;B
20240221;101052;1377.400000000;5;9673016059;S
20240221;101053;1377.400000000;5;9673016281;S
20240221;101056;1378.000000000;11;9673016942;B
20240221;101056;1378.000000000;30;9673016998;B
20240221;101057;1378.400000000;38;9673017156;B
20240221;101058;1378.600000000;19;9673017467;B
20240221;101103;1378.000000000;37;9673018593;S
20240221;101105;1377.600000000;4;9673019170;S
20240221;101105;1377.600000000;1;9673019171;S
20240221;101105;1377.400000000;1;9673019172;S
20240221;101105;1377.400000000;1;9673019173;S
20240221;101107;1377.400000000;9;9673019537;S
20240221;101107;1378.200000000;2;9673019607;B
20240221;101108;1377.400000000;5;9673019661;S
20240221;101109;1377.400000000;45;9673019925;S
20240221;101109;1377.400000000;3;9673019926;S
20240221;101109;1377.400000000;3;9673019927;S
20240221;101109;1377.400000000;14;9673019928;S
20240221;101109;1377.400000000;11;9673019952;S
20240221;101109;1377.400000000;58;9673019953;S
20240221;101109;1377.400000000;31;9673019954;S
20240221;101111;1377.400000000;1;9673020514;S
20240221;101114;1377.200000000;100;9673021145;S
20240221;101114;1377.200000000;47;9673021302;S
20240221;101114;1377.200000000;5;9673021303;S
20240221;101114;1377.200000000;2;9673021304;S
20240221;101114;1377.200000000;2;9673021305;S
20240221;101114;1377.200000000;6;9673021306;S
20240221;101114;1377.200000000;4;9673021307;S
20240221;101114;1377.200000000;1;9673021308;S
20240221;101114;1377.400000000;1;9673021340;B
20240221;101115;1377.600000000;200;9673021509;B
20240221;101116;1377.000000000;100;9673021725;S
20240221;101116;1377.600000000;1;9673021731;B
20240221;101117;1377.000000000;1;9673021950;S
20240221;101117;1377.600000000;1;9673021959;B
20240221;101120;1377.600000000;1;9673022680;B
20240221;101123;1377.200000000;1;9673023818;S
20240221;101123;1377.200000000;1;9673023819;S
20240221;101124;1377.400000000;1;9673023989;B
20240221;101124;1377.600000000;1;9673024036;B
20240221;101125;1377.400000000;2;9673024367;B
20240221;101125;1377.600000000;2;9673024368;B
20240221;101129;1377.200000000;10;9673025140;S
20240221;101129;1377.000000000;63;9673025141;S
20240221;101129;1377.400000000;1;9673025161;B
20240221;101129;1377.000000000;3;9673025204;S
20240221;101130;1377.200000000;2;9673025548;B
20240221;101130;1377.600000000;3;9673025549;B
20240221;101132;1377.000000000;100;9673025961;S
20240221;101132;1377.600000000;1;9673026033;B
20240221;101133;1377.000000000;60;9673026226;S
20240221;101134;1377.000000000;100;9673026434;S
20240221;101135;1377.000000000;100;9673026709;S
20240221;101136;1377.200000000;1;9673026864;B
20240221;101137;1377.200000000;1;9673026968;B
20240221;101137;1377.000000000;45;9673027059;S
20240221;101141;1377.000000000;17;9673027752;S
20240221;101142;1377.200000000;1;9673028061;B
20240221;101142;1377.400000000;1;9673028205;B
20240221;101143;1377.400000000;1;9673028481;B
20240221;101145;1377.000000000;1;9673028868;S
20240221;101146;1377.200000000;2;9673029027;B
20240221;101146;1377.400000000;2;9673029028;B
20240221;101148;1377.600000000;1;9673029453;B
20240221;101149;1377.400000000;1;9673029813;S
20240221;101149;1377.600000000;1;9673029856;B
20240221;101149;1377.600000000;1;9673029923;B
20240221;101150;1377.200000000;5;9673030145;S
20240221;101150;1377.600000000;1;9673030164;B
20240221;101150;1377.400000000;1;9673030215;B
20240221;101152;1377.200000000;20;9673030514;S
20240221;101152;1377.200000000;1;9673030609;S
20240221;101152;1377.200000000;6;9673030610;S
20240221;101152;1377.200000000;7;9673030611;S
20240221;101152;1377.200000000;1;9673030632;S
20240221;101154;1377.200000000;5;9673031040;S
20240221;101154;1377.400000000;1;9673031153;B
20240221;101157;1377.000000000;100;9673031924;S
20240221;101203;1377.400000000;1;9673033118;B
20240221;101204;1377.400000000;10;9673033223;B
20240221;101204;1377.400000000;4;9673033268;B
20240221;101204;1377.400000000;4;9673033296;B
20240221;101204;1377.000000000;20;9673033325;S
20240221;101204;1377.400000000;1;9673033334;B
20240221;101205;1377.000000000;70;9673033526;S
20240221;101205;1377.200000000;1;9673033529;B
20240221;101205;1377.400000000;6;9673033572;B
20240221;101206;1377.200000000;34;9673033793;B
20240221;101206;1377.200000000;34;9673033832;B
20240221;101206;1377.200000000;14;9673033965;B
20240221;101206;1377.400000000;5;9673033966;B
20240221;101206;1377.000000000;1;9673034121;S
20240221;101206;1377.400000000;11;9673034122;B
20240221;101206;1377.400000000;1;9673034153;B
20240221;101207;1377.600000000;4;9673034356;B
20240221;101208;1377.600000000;2;9673034586;B
20240221;101208;1377.600000000;1;9673034694;B
20240221;101208;1377.400000000;10;9673034703;S
20240221;101208;1377.400000000;4;9673034704;B
20240221;101209;1377.200000000;19;9673034921;B
20240221;101209;1377.400000000;19;9673034930;B
20240221;101209;1377.000000000;3;9673034957;S
20240221;101210;1377.000000000;1;9673035328;S
20240221;101210;1377.000000000;1;9673035413;S
20240221;101210;1377.400000000;2;9673035450;B
20240221;101211;1377.400000000;4;9673035631;B
20240221;101211;1377.400000000;4;9673035667;B
20240221;101211;1377.400000000;3;9673035669;B
20240221;101211;1377.400000000;3;9673035707;B
20240221;101211;1377.000000000;70;9673035755;S
20240221;101211;1377.200000000;1;9673035758;B
20240221;101211;1377.400000000;9;9673035759;B
20240221;101211;1377.000000000;8;9673035830;S
20240221;101212;1377.000000000;30;9673035927;S
20240221;101213;1377.000000000;1;9673036312;S
20240221;101213;1377.000000000;3;9673036359;S
20240221;101214;1377.200000000;3;9673036516;B
20240221;101215;1377.200000000;1;9673036814;B
20240221;101216;1377.000000000;22;9673036876;S
20240221;101216;1377.200000000;1;9673037044;B
20240221;101217;1377.000000000;1;9673037070;S
20240221;101217;1377.200000000;1;9673037086;B
20240221;101218;1377.200000000;2;9673037311;B
20240221;101218;1377.200000000;1;9673037416;B
20240221;101218;1377.200000000;1;9673037417;B
20240221;101218;1377.000000000;2;9673037438;S
20240221;101219;1377.000000000;1;9673037469;S
20240221;101219;1377.200000000;1;9673037492;B
20240221;101220;1377.200000000;22;9673037714;B
20240221;101220;1377.200000000;22;9673037751;B
20240221;101221;1377.000000000;1;9673037898;S
20240221;101221;1377.200000000;2;9673037955;B
20240221;101221;1377.000000000;200;9673038003;S
20240221;101221;1377.000000000;100;9673038004;S
20240221;101221;1377.000000000;100;9673038005;S
20240221;101222;1377.200000000;8;9673038246;B
20240221;101222;1377.200000000;4;9673038271;B
20240221;101222;1377.200000000;4;9673038293;B
20240221;101222;1377.000000000;1;9673038396;S
20240221;101222;1377.200000000;2;9673038412;B
20240221;101223;1377.000000000;1;9673038582;S
20240221;101223;1377.200000000;4;9673038712;B
20240221;101223;1377.200000000;4;9673038733;B
20240221;101223;1377.000000000;1;9673038777;S
20240221;101224;1377.200000000;4;9673039069;B
20240221;101224;1377.200000000;4;9673039074;B
20240221;101225;1377.000000000;35;9673039230;S
20240221;101225;1377.000000000;1;9673039316;S
20240221;101226;1377.000000000;1;9673039397;S
20240221;101226;1377.200000000;1;9673039471;B
20240221;101226;1377.400000000;7;9673039620;B
20240221;101226;1377.200000000;7;9673039638;B
20240221;101227;1377.000000000;1;9673039666;S
20240221;101227;1377.000000000;1;9673039683;S
20240221;101227;1377.000000000;5;9673039719;S
20240221;101227;1377.000000000;6;9673039779;S
20240221;101227;1377.200000000;1;9673039961;B
20240221;101228;1377.000000000;13;9673039981;S
20240221;101228;1377.200000000;143;9673040238;B
20240221;101229;1377.000000000;2;9673040434;S
20240221;101229;1377.000000000;97;9673040609;S
20240221;101230;1377.200000000;10;9673041129;B
20240221;101230;1377.200000000;1;9673041130;B
20240221;101230;1377.200000000;7;9673041131;B
20240221;101230;1377.200000000;18;9673041149;B
20240221;101230;1377.200000000;12;9673041178;B
20240221;101230;1377.200000000;12;9673041192;B
20240221;101232;1377.200000000;105;9673041741;B
20240221;101232;1377.000000000;5;9673041784;S
20240221;101234;1377.200000000;20;9673042152;B
20240221;101234;1377.200000000;1;9673042184;B
20240221;101234;1377.200000000;1;9673042196;B
20240221;101235;1377.200000000;1;9673042514;B
20240221;101235;1377.000000000;60;9673042630;S
20240221;101236;1377.200000000;8;9673042939;B
20240221;101236;1377.200000000;8;9673042960;B
20240221;101237;1377.000000000;3;9673043087;S
20240221;101237;1377.200000000;23;9673043102;B
20240221;101237;1377.200000000;1;9673043103;B
20240221;101237;1377.200000000;14;9673043104;B
20240221;101237;1377.400000000;38;9673043152;B
20240221;101237;1377.400000000;37;9673043158;B
20240221;101237;1377.400000000;37;9673043194;B
20240221;101239;1377.200000000;6;9673043659;S
20240221;101240;1377.200000000;10;9673043916;S
20240221;101241;1377.200000000;202;9673043968;S
20240221;101241;1377.200000000;25;9673043969;S
20240221;101241;1377.000000000;1;9673043970;S
20240221;101241;1377.000000000;200;9673044082;S
20240221;101241;1377.000000000;30;9673044278;S
20240221;101241;1377.000000000;100;9673044283;S
20240221;101242;1377.000000000;200;9673044409;S
20240221;101242;1377.000000000;3;9673044480;S
20240221;101242;1377.000000000;250;9673044648;S
20240221;101243;1377.000000000;60;9673044830;S
20240221;101244;1377.000000000;40;9673044960;S
20240221;101244;1377.000000000;60;9673045038;S
20240221;101245;1377.000000000;20;9673045329;S
20240221;101246;1377.200000000;6;9673045757;B
20240221;101246;1377.200000000;8;9673045832;B
20240221;101246;1377.200000000;8;9673045887;B
20240221;101246;1377.200000000;1;9673045890;B
20240221;101248;1377.000000000;100;9673046420;S
20240221;101248;1377.000000000;100;9673046421;S
20240221;101248;1377.000000000;58;9673046427;S
20240221;101248;1377.000000000;1;9673046453;S
20240221;101249;1377.200000000;1;9673046705;B
20240221;101249;1377.200000000;1;9673046729;B
20240221;101249;1377.200000000;2;9673046737;B
20240221;101249;1377.200000000;2;9673046753;B
20240221;101250;1377.000000000;58;9673047049;S
20240221;101250;1377.000000000;40;9673047057;S
20240221;101250;1377.000000000;1;9673047073;S
20240221;101250;1377.200000000;8;9673047093;B
20240221;101250;1377.200000000;8;9673047113;B
20240221;101250;1377.000000000;58;9673047280;S
20240221;101250;1377.000000000;58;9673047323;S
20240221;101250;1377.000000000;58;9673047331;S
20240221;101250;1377.200000000;7;9673047488;B
20240221;101250;1377.000000000;1;9673047506;S
20240221;101250;1377.200000000;7;9673047556;B
20240221;101250;1377.200000000;15;9673047560;B
20240221;101250;1377.200000000;15;9673047597;B
20240221;101250;1377.000000000;1;9673047616;S
20240221;101250;1377.000000000;1;9673047785;S
20240221;101251;1377.000000000;1;9673047874;S
20240221;101251;1377.000000000;17;9673047982;S
20240221;101251;1377.000000000;1;9673048051;S
20240221;101251;1377.200000000;2;9673048099;B
20240221;101251;1377.200000000;2;9673048115;B
20240221;101251;1377.200000000;34;9673048130;B
20240221;101251;1377.200000000;34;9673048166;B
20240221;101251;1377.200000000;4;9673048282;B
20240221;101251;1377.000000000;1;9673048289;S
20240221;101251;1377.200000000;4;9673048310;B
20240221;101251;1377.200000000;4;9673048315;B
20240221;101251;1377.200000000;4;9673048336;B
20240221;101252;1377.200000000;50;9673048605;B
20240221;101252;1377.200000000;7;9673048707;B
20240221;101252;1377.200000000;7;9673048741;B
20240221;101253;1377.000000000;1;9673048962;S
20240221;101253;1377.000000000;5;9673049014;S
20240221;101253;1377.200000000;99;9673049032;B
20240221;101253;1377.000000000;115;9673049128;S
20240221;101253;1377.000000000;2;9673049130;S
20240221;101253;1377.000000000;1;9673049195;S
20240221;101253;1377.000000000;1;9673049210;S
20240221;101253;1377.000000000;446;9673049266;S
20240221;101254;1377.200000000;22;9673049324;B
20240221;101254;1377.000000000;1;9673049327;S
20240221;101254;1377.200000000;22;9673049356;B
20240221;101254;1377.200000000;4;9673049359;B
20240221;101254;1377.200000000;8;9673049381;B
20240221;101254;1377.000000000;1;9673049385;S
20240221;101254;1377.200000000;4;9673049387;B
20240221;101254;1377.000000000;1;9673049447;S
20240221;101254;1377.000000000;10;9673049517;S
20240221;101254;1377.200000000;1;9673049530;B
20240221;101254;1377.200000000;4;9673049571;B
20240221;101254;1377.200000000;4;9673049576;B
20240221;101254;1377.200000000;1;9673049642;B
20240221;101255;1377.000000000;1;9673049655;S
20240221;101255;1377.000000000;1;9673049713;S
20240221;101255;1377.000000000;5;9673049930;S
20240221;101255;1377.000000000;1;9673049956;S
20240221;101255;1377.000000000;1;9673049971;S
20240221;101256;1377.000000000;1;9673050114;S
20240221;101256;1377.200000000;7;9673050165;B
20240221;101256;1377.200000000;7;9673050175;B
20240221;101256;1377.200000000;27;9673050190;B
20240221;101256;1377.200000000;27;9673050204;B
20240221;101257;1377.000000000;14;9673050385;S
20240221;101257;1377.000000000;29;9673050493;S
20240221;101257;1377.000000000;2;9673050496;S
20240221;101258;1377.000000000;2;9673050762;S
20240221;101259;1377.000000000;100;9673050838;S
20240221;101300;1377.200000000;1;9673050966;B
20240221;101300;1377.200000000;1;9673051142;B
20240221;101300;1377.000000000;3;9673051147;S
20240221;101300;1377.000000000;7;9673051210;S
20240221;101301;1377.200000000;200;9673051278;B
20240221;101301;1377.000000000;1;9673051354;S
20240221;101301;1377.000000000;1;9673051434;S
20240221;101301;1377.000000000;6;9673051455;S
20240221;101302;1377.000000000;2;9673051522;S
20240221;101302;1377.000000000;1;9673051524;S
20240221;101302;1377.000000000;4;9673051576;S
20240221;101302;1377.000000000;1;9673051616;S
20240221;101303;1377.000000000;1;9673051710;S
20240221;101303;1377.000000000;2;9673051892;S
20240221;101304;1377.000000000;1;9673052012;S
20240221;101304;1377.000000000;1;9673052046;S
20240221;101304;1377.000000000;100;9673052128;S
20240221;101305;1377.000000000;5;9673052231;S
20240221;101305;1377.000000000;100;9673052280;S
20240221;101305;1377.000000000;60;9673052281;S
20240221;101305;1377.200000000;1;9673052373;B
20240221;101305;1377.000000000;1;9673052374;S
20240221;101305;1377.000000000;5;9673052379;S
20240221;101306;1377.200000000;2;9673052439;B
20240221;101306;1377.000000000;1;9673052471;S
20240221;101306;1377.000000000;1;9673052526;S
20240221;101306;1377.000000000;15;9673052616;S
20240221;101306;1377.200000000;1;9673052624;B
20240221;101306;1377.000000000;1;9673052625;S
20240221;101307;1377.000000000;1;9673052702;S
20240221;101307;1377.000000000;1;9673052717;S
20240221;101307;1377.200000000;77;9673052763;B
20240221;101307;1377.000000000;1;9673052794;S
20240221;101308;1377.000000000;100;9673052825;S
20240221;101308;1377.000000000;1;9673052879;S
20240221;101308;1377.000000000;3;9673052937;S
20240221;101309;1377.200000000;2;9673052990;B
20240221;101309;1377.000000000;1;9673052993;S
20240221;101309;1377.000000000;1;9673053007;S
20240221;101309;1377.000000000;1;9673053080;S
20240221;101309;1377.000000000;4;9673053115;S
20240221;101309;1377.000000000;1;9673053132;S
20240221;101309;1377.000000000;2;9673053172;S
20240221;101309;1377.000000000;1;9673053203;S
20240221;101310;1377.000000000;1;9673053366;S
20240221;101310;1377.200000000;1;9673053448;B
20240221;101310;1377.000000000;1;9673053449;S
20240221;101310;1377.200000000;1;9673053453;B
20240221;101311;1377.000000000;1;9673053479;S
20240221;101311;1377.200000000;1;9673053616;B
20240221;101311;1377.000000000;1;9673053617;S
20240221;101311;1377.200000000;3;9673053726;B
20240221;101311;1377.200000000;3;9673053731;B
20240221;101313;1377.200000000;1;9673054184;B
20240221;101313;1377.000000000;5;9673054296;S
20240221;101313;1377.000000000;1;9673054303;S
20240221;101313;1377.000000000;50;9673054310;S
20240221;101313;1377.200000000;19;9673054383;B
20240221;101313;1377.200000000;19;9673054396;B
20240221;101313;1377.000000000;2;9673054405;S
20240221;101313;1377.200000000;13;9673054410;B
20240221;101314;1377.000000000;2;9673054444;S
20240221;101314;1377.000000000;100;9673054453;S
20240221;101314;1377.000000000;1;9673054454;S
20240221;101314;1377.000000000;70;9673054512;S
20240221;101314;1377.000000000;24;9673054514;S
20240221;101314;1377.000000000;214;9673054515;S
20240221;101314;1377.000000000;5;9673054516;S
20240221;101314;1377.000000000;1;9673054517;S
20240221;101314;1377.000000000;5;9673054518;S
20240221;101314;1377.000000000;1;9673054519;S
20240221;101314;1377.000000000;3;9673054520;S
20240221;101314;1377.000000000;1;9673054521;S
20240221;101314;1377.000000000;1;9673054522;S
20240221;101314;1377.000000000;1;9673054523;S
20240221;101314;1377.000000000;1;9673054524;S
20240221;101314;1377.000000000;5;9673054525;S
20240221;101314;1377.000000000;2;9673054591;S
20240221;101314;1377.000000000;3;9673054592;S
20240221;101314;1377.000000000;10;9673054593;S
20240221;101314;1377.000000000;3;9673054594;S
20240221;101314;1377.000000000;1;9673054595;S
20240221;101314;1377.000000000;4;9673054677;S
20240221;101315;1377.000000000;2;9673054759;S
20240221;101315;1377.000000000;1;9673054760;S
20240221;101315;1377.000000000;1;9673054761;S
20240221;101315;1377.000000000;6;9673054762;S
20240221;101315;1377.000000000;1;9673054763;S
20240221;101315;1377.000000000;12;9673054764;S
20240221;101315;1377.000000000;1;9673054765;S
20240221;101315;1377.000000000;1;9673054766;S
20240221;101315;1377.000000000;10;9673054767;S
20240221;101315;1377.000000000;1;9673054768;S
20240221;101315;1377.000000000;3;9673054769;S
20240221;101315;1377.200000000;2;9673054788;B
20240221;101315;1377.000000000;4;9673054838;S
20240221;101315;1377.000000000;1;9673054839;S
20240221;101315;1377.000000000;1;9673054840;S
20240221;101315;1377.000000000;2;9673054841;S
20240221;101315;1377.000000000;1;9673054842;S
20240221;101315;1377.000000000;2;9673054843;S
20240221;101315;1377.000000000;1;9673054844;S
20240221;101315;1377.000000000;1;9673054845;S
20240221;101315;1377.000000000;1;9673054846;S
20240221;101315;1377.200000000;2;9673054924;B
20240221;101315;1377.200000000;10;9673054954;B
20240221;101315;1377.200000000;1;9673054958;B
20240221;101315;1377.200000000;2;9673054968;B
20240221;101315;1377.200000000;3;9673055026;B
20240221;101315;1377.200000000;19;9673055071;B
20240221;101316;1377.000000000;4;9673055141;S
20240221;101316;1377.000000000;3;9673055142;S
20240221;101316;1377.000000000;43;9673055143;S
20240221;101316;1377.200000000;37;9673055180;B
20240221;101316;1377.200000000;400;9673055264;B
20240221;101316;1377.000000000;5;9673055292;S
20240221;101316;1377.200000000;35;9673055523;B
20240221;101317;1377.000000000;2;9673055633;S
20240221;101317;1377.000000000;1;9673055634;S
20240221;101317;1377.000000000;2;9673055635;S
20240221;101317;1377.000000000;24;9673055636;S
20240221;101317;1377.000000000;1;9673055637;S
20240221;101317;1377.000000000;4;9673055638;S
20240221;101317;1377.000000000;1;9673055639;S
20240221;101317;1377.000000000;20;9673055640;S
20240221;101317;1376.800000000;4;9673055641;S
20240221;101317;1377.000000000;36;9673055701;B
20240221;101317;1377.000000000;4;9673055723;B
20240221;101317;1376.800000000;1;9673055724;S
20240221;101317;1376.800000000;7;9673055761;S
20240221;101317;1376.800000000;4;9673055802;S
20240221;101317;1376.800000000;10;9673055836;S
20240221;101317;1376.800000000;1;9673055838;S
20240221;101317;1376.800000000;10;9673055853;S
20240221;101317;1376.800000000;1;9673055854;S
20240221;101318;1376.800000000;2;9673055898;S
20240221;101318;1376.800000000;60;9673055997;S
20240221;101318;1376.800000000;1;9673055998;S
20240221;101318;1376.800000000;39;9673055999;S
20240221;101318;1376.800000000;2;9673056051;S
20240221;101318;1376.800000000;1;9673056052;S
20240221;101318;1376.800000000;1;9673056053;S
20240221;101318;1376.800000000;1;9673056054;S
20240221;101318;1376.600000000;5;9673056055;S
20240221;101318;1376.600000000;15;9673056165;S
20240221;101318;1376.400000000;1;9673056166;S
20240221;101318;1376.400000000;2;9673056167;S
20240221;101318;1376.400000000;1;9673056168;S
20240221;101318;1376.400000000;1;9673056169;S
20240221;101318;1376.400000000;1;9673056170;S
20240221;101318;1376.400000000;2;9673056171;S
20240221;101318;1376.200000000;10;9673056172;S
20240221;101318;1376.200000000;5;9673056173;S
20240221;101318;1376.200000000;70;9673056174;S
20240221;101318;1376.200000000;2;9673056175;S
20240221;101318;1376.400000000;1;9673056192;S
20240221;101319;1376.400000000;20;9673056247;S
20240221;101319;1376.400000000;10;9673056267;S
20240221;101319;1376.400000000;10;9673056300;S
20240221;101319;1376.400000000;1;9673056317;S
20240221;101319;1376.400000000;1;9673056333;S
20240221;101319;1376.400000000;10;9673056405;S
20240221;101319;1376.400000000;2;9673056445;S
20240221;101319;1376.400000000;10;9673056458;S
20240221;101319;1376.400000000;10;9673056460;S
20240221;101321;1376.400000000;86;9673056864;S
20240221;101321;1376.200000000;14;9673056865;S
20240221;101321;1376.200000000;56;9673056866;S
20240221;101321;1376.200000000;3;9673056867;S
20240221;101321;1376.200000000;1;9673056899;S
20240221;101321;1376.200000000;75;9673056900;S
20240221;101321;1376.000000000;14;9673056901;S
20240221;101322;1376.000000000;8;9673056933;S
20240221;101322;1376.000000000;5;9673057062;S
20240221;101322;1376.000000000;123;9673057069;S
20240221;101322;1376.000000000;1;9673057070;S
20240221;101322;1376.000000000;76;9673057071;S
20240221;101322;1376.000000000;140;9673057179;S
20240221;101323;1376.000000000;84;9673057287;S
20240221;101323;1376.000000000;1;9673057288;S
20240221;101323;1376.000000000;1;9673057289;S
20240221;101323;1376.000000000;13;9673057290;S
20240221;101323;1376.000000000;3;9673057291;S
20240221;101323;1376.000000000;3;9673057292;S
20240221;101323;1376.000000000;1;9673057293;S
20240221;101323;1376.000000000;1;9673057294;S
20240221;101323;1376.000000000;1;9673057295;S
20240221;101323;1376.000000000;100;9673057296;S
20240221;101323;1376.000000000;1;9673057297;S
20240221;101323;1376.000000000;1;9673057298;S
20240221;101323;1376.000000000;1;9673057299;S
20240221;101323;1376.000000000;1;9673057300;S
20240221;101323;1376.000000000;1;9673057301;S
20240221;101323;1376.000000000;1;9673057302;S
20240221;101323;1376.000000000;5;9673057303;S
20240221;101323;1376.000000000;1;9673057304;S
20240221;101323;1376.000000000;5;9673057305;S
20240221;101323;1376.000000000;10;9673057306;S
20240221;101323;1376.000000000;2;9673057307;S
20240221;101323;1376.000000000;1;9673057308;S
20240221;101323;1376.000000000;1;9673057309;S
20240221;101323;1376.000000000;3;9673057310;S
20240221;101323;1376.000000000;1;9673057311;S
20240221;101323;1375.800000000;1;9673057312;S
20240221;101323;1375.800000000;1;9673057313;S
20240221;101323;1375.800000000;1;9673057314;S
20240221;101323;1375.800000000;1;9673057315;S
20240221;101323;1375.800000000;1;9673057316;S
20240221;101323;1375.600000000;2;9673057317;S
