<DATE>;<TIME>;<LAST>;<VOL>;<ID>;<OPER>
20240313;095933;1419.2;1;9818224846;B
20240313;095933;1419.2;1;9818224847;S
20240313;095933;1419.2;7;9818224848;S
20240313;095933;1419.2;1;9818224849;S
20240313;095933;1419.2;1;9818224850;S
20240313;095933;1419.2;10;9818224851;B
20240313;095933;1419.2;3;9818224852;B
20240313;095933;1419.2;8;9818224853;B
20240313;095933;1419.2;8;9818224854;B
20240313;095933;1419.2;5;9818224855;B
20240313;095933;1419.2;3;9818224856;S
20240313;095933;1419.2;2;9818224857;S
20240313;095933;1419.2;4;9818224858;S
20240313;095933;1419.2;21;9818224859;B
20240313;095933;1419.2;2;9818224860;B
20240313;095933;1419.2;1;9818224861;B
20240313;095933;1419.2;94;9818224862;B
20240313;095933;1419.2;2;9818224863;B
20240313;095933;1419.2;1;9818224864;B
20240313;095933;1419.2;6;9818224865;B
20240313;095933;1419.2;1;9818224866;S
20240313;095933;1419.2;1;9818224867;B
20240313;095933;1419.2;1;9818224868;B
20240313;095933;1419.2;6;9818224869;B
20240313;095933;1419.2;1;9818224870;B
20240313;095933;1419.2;1;9818224871;B
20240313;095933;1419.2;1;9818224872;B
20240313;095933;1419.2;29;9818224873;B
20240313;095933;1419.2;10;9818224874;B
20240313;095933;1419.2;4;9818224875;B
20240313;095933;1419.2;7;9818224876;B
20240313;095933;1419.2;5;9818224877;B
20240313;095933;1419.2;10;9818224878;B
20240313;095933;1419.2;8;9818224879;B
20240313;095933;1419.2;2;9818224880;S
20240313;095933;1419.2;100;9818224881;S
20240313;095933;1419.2;2;9818224882;B
20240313;095933;1419.2;1;9818224883;B
20240313;095933;1419.2;1;9818224884;B
20240313;095933;1419.2;10;9818224885;B
20240313;095933;1419.2;17;9818224886;B
20240313;095933;1419.2;25;9818224887;B
20240313;095933;1419.2;95;9818224888;B
20240313;095933;1419.2;4;9818224889;B
20240313;095933;1419.2;6;9818224890;S
20240313;095933;1419.2;494;9818224891;S
20240313;095933;1419.2;1;9818224892;S
20240313;095933;1419.2;263;9818224893;B
20240313;095933;1419.2;4;9818224894;B
20240313;095933;1419.2;98;9818224895;B
20240313;095933;1419.2;2;9818224896;B
20240313;095933;1419.2;10;9818224897;B
20240313;095933;1419.2;4;9818224898;B
20240313;095933;1419.2;1;9818224899;B
20240313;095933;1419.2;21;9818224900;B
20240313;095933;1419.2;12;9818224901;B
20240313;095933;1419.2;35;9818224902;B
20240313;095933;1419.2;27;9818224903;B
20240313;095933;1419.2;3;9818224904;S
20240313;095933;1419.2;11;9818224905;S
20240313;095933;1419.2;1;9818224906;S
20240313;095933;1419.2;3;9818224907;S
20240313;095933;1419.2;25;9818224908;S
20240313;095933;1419.2;4;9818224909;B
20240313;095933;1419.2;35;9818224910;S
20240313;095933;1419.2;1;9818224911;S
20240313;095933;1419.2;2;9818224912;S
20240313;095933;1419.2;1;9818224913;S
20240313;095933;1419.2;3;9818224914;S
20240313;095933;1419.2;1;9818224915;S
20240313;095933;1419.2;20;9818224916;S
20240313;095933;1419.2;35;9818224917;S
20240313;095933;1419.2;5;9818224918;S
20240313;095933;1419.2;5;9818224919;S
20240313;095933;1419.2;1;9818224920;S
20240313;095933;1419.2;177;9818224921;S
20240313;095933;1419.2;3;9818224922;B
20240313;095933;1419.2;56;9818224923;B
20240313;100000;1419.4;1;9818230192;B
20240313;100000;1419.6;1;9818230295;B
20240313;100000;1419.8;1;9818230383;B
20240313;100000;1419.8;2;9818230384;B
20240313;100000;1419.8;3;9818230385;B
20240313;100000;1420;1;9818230392;B
20240313;100000;1420;35;9818230393;B
20240313;100000;1420;12;9818230394;B
20240313;100000;1420;52;9818230403;S
20240313;100000;1420;1;9818230420;B
20240313;100000;1420;1;9818230421;B
20240313;100000;1420;1;9818230422;B
20240313;100000;1420;1;9818230423;B
20240313;100000;1420;14;9818230448;B
20240313;100000;1420.2;1;9818230560;B
20240313;100000;1420.4;1;9818230561;B
20240313;100000;1420.6;2;9818230562;B
20240313;100000;1420.6;9;9818230563;B
20240313;100000;1421;170;9818230564;B
20240313;100000;1421;2;9818230565;B
20240313;100000;1421;10;9818230566;B
20240313;100000;1421;1;9818230567;B
20240313;100000;1421;21;9818230568;B
20240313;100000;1421.2;13;9818230569;B
20240313;100000;1421.4;130;9818230570;B
20240313;100001;1421;20;9818230693;B
20240313;100001;1420;1;9818230694;B
20240313;100001;1421;10;9818230703;B
20240313;100001;1421;100;9818230720;B
20240313;100001;1421;100;9818230929;B
20240313;100001;1421;1;9818230930;B
20240313;100001;1421;9;9818230951;B
20240313;100001;1420.2;2;9818230953;S
20240313;100001;1420;3;9818230954;S
20240313;100001;1419.6;40;9818231003;S
20240313;100001;1421;3;9818231050;B
20240313;100001;1421;1;9818231051;B
20240313;100001;1421;96;9818231052;B
20240313;100001;1421;15;9818231132;B
20240313;100001;1420;1;9818231255;B
20240313;100001;1420;5;9818231256;B
20240313;100001;1420.6;78;9818231257;B
20240313;100002;1419.8;10;9818231345;B
20240313;100002;1420.6;70;9818231458;B
20240313;100002;1420.6;70;9818231568;B
20240313;100002;1420.6;142;9818231588;B
20240313;100002;1420.8;34;9818231589;B
20240313;100002;1420;1;9818231798;S
20240313;100002;1419.8;5;9818231799;S
20240313;100005;1421;1;9818232842;B
20240313;100005;1421;2;9818233224;B
20240313;100005;1421;1;9818233233;B
20240313;100005;1421;1;9818233236;B
20240313;100005;1421;1;9818233241;B
20240313;100005;1421;1;9818233242;B
20240313;100005;1421;30;9818233243;B
20240313;100005;1421;300;9818233244;B
20240313;100005;1421.2;100;9818233245;B
20240313;100005;1421.2;15;9818233246;B
20240313;100005;1421.6;53;9818233247;B
20240313;100005;1421.6;1;9818233249;B
20240313;100005;1420.4;100;9818233271;S
20240313;100005;1420.4;19;9818233275;S
20240313;100005;1420.4;81;9818233276;B
20240313;100006;1421.2;5;9818233624;B
20240313;100006;1421.2;1;9818233788;B
20240313;100006;1421.2;1;9818233944;B
20240313;100006;1421.2;1;9818233949;B
20240313;100006;1421.2;2;9818233952;B
20240313;100006;1421.2;1;9818233956;B
20240313;100006;1421.2;1;9818233961;B
20240313;100006;1421.2;1;9818234316;B
20240313;100006;1421.2;1;9818234480;B
20240313;100006;1421.2;86;9818234481;B
20240313;100006;1421.2;64;9818234482;B
20240313;100006;1421.2;1;9818234484;B
20240313;100006;1421.2;1;9818234485;B
20240313;100006;1421.2;1;9818234486;B
20240313;100006;1421.2;5;9818234487;B
20240313;100006;1421.2;1;9818234874;B
20240313;100006;1421.2;1;9818234875;B
20240313;100007;1419.8;1;9818235049;S
20240313;100007;1421.2;67;9818235055;B
20240313;100007;1421.4;1;9818235066;B
20240313;100007;1421.2;1;9818235070;B
20240313;100007;1421.4;1;9818235235;B
20240313;100007;1421.4;1;9818235461;B
20240313;100007;1421.4;1;9818235466;B
20240313;100007;1421.4;10;9818235637;B
20240313;100007;1421.4;1;9818235683;B
20240313;100007;1420.6;100;9818235787;S
20240313;100007;1421.2;1;9818235886;B
20240313;100007;1421.2;2;9818235888;B
20240313;100007;1421.2;1;9818235892;B
20240313;100007;1420.4;100;9818236397;B
20240313;100008;1420.4;20;9818236498;S
20240313;100008;1421.2;1;9818236787;B
20240313;100008;1421.2;1;9818236876;B
20240313;100009;1421.2;3;9818237522;B
20240313;100009;1420.2;1;9818237530;S
20240313;100009;1420.2;1;9818237531;S
20240313;100009;1421.2;6;9818237532;B
20240313;100009;1420;1;9818237533;S
20240313;100010;1421.2;14;9818238006;B
20240313;100010;1421.2;1;9818238119;B
20240313;100011;1421.2;1;9818238441;B
20240313;100011;1421.2;3;9818238448;B
20240313;100011;1420.2;100;9818238459;S
20240313;100011;1421.2;66;9818238499;B
20240313;100011;1421.4;17;9818238500;B
20240313;100011;1421.6;34;9818238501;B
20240313;100011;1421.8;2;9818238502;B
20240313;100011;1421.8;1;9818238503;B
20240313;100011;1421.8;45;9818238504;B
20240313;100011;1421.8;140;9818238505;B
20240313;100011;1422;4;9818238506;B
20240313;100011;1422;19;9818238507;B
20240313;100011;1422;6;9818238508;B
20240313;100011;1422;1;9818238509;B
20240313;100011;1422;1;9818238510;B
20240313;100011;1422;2;9818238511;B
20240313;100011;1422;1;9818238512;B
20240313;100011;1422;1;9818238513;B
20240313;100011;1422;2;9818238514;B
20240313;100011;1422;3;9818238515;B
20240313;100011;1422;30;9818238516;B
20240313;100011;1422;25;9818238517;B
20240313;100011;1420.4;1;9818238528;S
20240313;100011;1420.4;17;9818238529;S
20240313;100011;1420.4;82;9818238530;S
20240313;100011;1420.4;1;9818238653;S
20240313;100011;1420.4;22;9818238662;S
20240313;100011;1420.4;1;9818238685;S
20240313;100012;1421.2;1;9818238775;B
20240313;100012;1421.2;99;9818238811;B
20240313;100012;1421.4;17;9818238812;B
20240313;100012;1421.8;39;9818238813;B
20240313;100013;1421.4;11;9818238960;B
20240313;100013;1420.4;5;9818238975;S
20240313;100013;1421.4;30;9818239076;B
20240313;100013;1421.6;1;9818239086;B
20240313;100014;1421;25;9818239213;B
20240313;100015;1421.2;1;9818239540;B
20240313;100017;1420.4;2;9818240222;S
20240313;100018;1420.4;2;9818240670;S
20240313;100019;1421;25;9818240992;S
20240313;100020;1421.2;1000;9818241186;B
20240313;100020;1421.2;100;9818241196;S
20240313;100020;1421;5;9818241239;S
20240313;100021;1421;1;9818241403;S
20240313;100022;1421.4;100;9818241535;B
20240313;100022;1421.2;1;9818241622;S
20240313;100023;1421.2;67;9818241704;S
20240313;100023;1421.2;12;9818241752;S
20240313;100023;1421.4;100;9818241785;B
20240313;100024;1421.2;44;9818242011;S
20240313;100024;1421.2;20;9818242012;S
20240313;100024;1421;50;9818242013;S
20240313;100024;1421;140;9818242014;S
20240313;100024;1421;25;9818242015;S
20240313;100024;1420.8;70;9818242016;S
20240313;100024;1420.8;56;9818242017;S
20240313;100025;1420.8;100;9818242024;B
20240313;100025;1420.8;56;9818242041;B
20240313;100025;1421.2;2;9818242222;B
20240313;100025;1421.2;500;9818242231;B
20240313;100025;1421.4;1;9818242268;B
20240313;100026;1421.4;4;9818242432;B
20240313;100027;1421.2;3;9818242538;B
20240313;100027;1421;70;9818242596;S
20240313;100027;1421.4;5;9818242625;B
20240313;100027;1421.6;1;9818242697;B
20240313;100028;1421.6;1;9818242929;B
20240313;100029;1421.6;25;9818242975;B
20240313;100030;1421.4;25;9818243320;S
20240313;100031;1421.6;58;9818243429;B
20240313;100032;1421.6;101;9818243614;B
20240313;100034;1421.4;60;9818244251;S
20240313;100035;1421.4;1;9818244354;S
20240313;100035;1421.6;5;9818244363;B
20240313;100035;1421.8;2;9818244364;B
20240313;100035;1421.6;1;9818244430;S
20240313;100037;1421.6;2;9818244689;S
20240313;100037;1421.8;1;9818244799;B
20240313;100038;1421.8;32;9818244877;B
20240313;100038;1421.8;6;9818244878;B
20240313;100038;1422;1;9818244879;B
20240313;100038;1422;3;9818244880;B
20240313;100038;1422;15;9818244881;B
20240313;100038;1422;3;9818244882;B
20240313;100038;1422;1;9818244923;B
20240313;100038;1421.6;5;9818244941;S
20240313;100039;1422;49;9818245249;B
20240313;100039;1421.8;20;9818245251;S
20240313;100039;1421.6;80;9818245252;S
20240313;100039;1422.2;6;9818245348;B
20240313;100039;1422.2;4;9818245349;B
20240313;100039;1422.4;1;9818245350;B
20240313;100039;1422.4;5;9818245351;B
20240313;100041;1422.2;1;9818245657;B
20240313;100041;1422.2;2;9818245793;B
20240313;100041;1422.4;1;9818245794;B
20240313;100041;1421.8;1;9818245825;S
20240313;100041;1421.6;2;9818245826;S
20240313;100041;1422.4;18;9818245827;B
20240313;100042;1422.4;2;9818245865;B
20240313;100042;1422.4;50;9818245978;B
20240313;100043;1422;2;9818246245;B
20240313;100044;1421.8;20;9818246444;S
20240313;100044;1421.6;107;9818246445;S
20240313;100044;1421.6;23;9818246446;S
20240313;100044;1421.6;1;9818246537;S
20240313;100045;1421.6;50;9818246626;S
20240313;100045;1421.6;3;9818246633;S
20240313;100045;1422;1;9818246736;B
20240313;100045;1422.6;1;9818246737;B
20240313;100047;1422.6;19;9818247021;B
20240313;100047;1422.6;111;9818247022;B
20240313;100047;1422.6;4;9818247066;B
20240313;100047;1422.2;20;9818247079;S
20240313;100047;1422;80;9818247080;S
20240313;100047;1422.6;2;9818247114;B
20240313;100047;1422.2;1;9818247137;S
20240313;100047;1422.6;5;9818247138;B
20240313;100048;1422.6;10;9818247165;B
20240313;100048;1422.6;2;9818247176;B
20240313;100048;1422.8;1;9818247177;B
20240313;100048;1422.8;1;9818247178;B
20240313;100048;1422.8;1;9818247179;B
20240313;100048;1422.8;1;9818247180;B
20240313;100048;1422.8;1;9818247181;B
20240313;100048;1422.8;1;9818247182;B
20240313;100048;1422.8;5;9818247183;B
20240313;100048;1422.8;5;9818247184;B
20240313;100048;1422.8;1;9818247185;B
20240313;100048;1422.8;1;9818247186;B
20240313;100048;1422.8;50;9818247187;B
20240313;100050;1422.8;5;9818247518;B
20240313;100050;1422.4;3;9818247556;S
20240313;100051;1422.8;100;9818247697;B
20240313;100051;1422.8;4;9818247762;B
20240313;100052;1422.8;841;9818247873;B
20240313;100052;1422.8;1;9818247874;B
20240313;100052;1422.8;1;9818247875;B
20240313;100052;1423;20;9818247876;B
20240313;100052;1423;1;9818247877;B
20240313;100052;1423;1;9818247878;B
20240313;100052;1423;1;9818247879;B
20240313;100052;1423;10;9818247880;B
20240313;100052;1423;2;9818247881;B
20240313;100052;1423;50;9818247882;B
20240313;100052;1423;20;9818247883;B
20240313;100052;1423;50;9818247884;B
20240313;100052;1423;140;9818247885;B
20240313;100052;1423.2;8;9818247886;B
20240313;100052;1423.2;10;9818247887;B
20240313;100052;1423.4;1;9818247888;B
20240313;100052;1423.4;50;9818247889;B
20240313;100052;1423.4;50;9818247890;B
20240313;100052;1423.4;5;9818247891;B
20240313;100052;1423.4;56;9818247892;B
20240313;100052;1423.4;5;9818247893;B
20240313;100052;1423.4;95;9818247894;B
20240313;100052;1423.4;2;9818247895;B
20240313;100052;1423.6;10;9818247896;B
20240313;100052;1423.6;2;9818247897;B
20240313;100052;1423.6;56;9818247898;B
20240313;100052;1423.6;12;9818247899;B
20240313;100052;1423.4;5;9818247907;B
20240313;100052;1423.4;2;9818247912;B
20240313;100052;1423.4;2;9818247924;B
20240313;100052;1423.4;131;9818247927;B
20240313;100052;1423.6;9;9818247928;B
20240313;100052;1422.8;10;9818247944;S
20240313;100053;1422.8;10;9818247993;S
20240313;100053;1423.4;10;9818248004;B
20240313;100053;1422.6;2;9818248058;S
20240313;100053;1423;1;9818248123;B
20240313;100054;1423;1;9818248258;B
20240313;100054;1422.8;6;9818248271;B
20240313;100054;1423;48;9818248272;B
20240313;100054;1423;68;9818248273;B
20240313;100054;1423.4;10;9818248274;B
20240313;100054;1423.4;5;9818248275;B
20240313;100054;1423.6;13;9818248276;B
20240313;100054;1423.6;10;9818248323;B
20240313;100055;1423;1;9818248478;S
20240313;100056;1423;2;9818248572;S
20240313;100056;1423.6;1;9818248589;B
20240313;100056;1423.6;68;9818248698;B
20240313;100057;1423.6;1;9818248748;B
20240313;100057;1423.6;4;9818248751;B
20240313;100057;1423;17;9818248761;S
20240313;100057;1422.8;3;9818248762;S
20240313;100059;1423.6;20;9818249086;B
20240313;100059;1423;1;9818249097;S
20240313;100059;1423.6;19;9818249099;B
20240313;100059;1423;19;9818249109;S
20240313;100059;1422.8;53;9818249110;S
20240313;100059;1422.8;1;9818249111;S
20240313;100059;1422.8;81;9818249112;S
20240313;100100;1423;1;9818249292;S
20240313;100100;1423;4;9818249313;S
20240313;100100;1423;15;9818249314;S
20240313;100100;1422.8;85;9818249315;S
20240313;100100;1423.4;8;9818249356;B
20240313;100100;1422.8;2;9818249361;S
20240313;100100;1422.8;56;9818249362;S
20240313;100100;1422.8;20;9818249363;S
20240313;100100;1422.8;26;9818249364;S
20240313;100100;1422.6;56;9818249365;S
20240313;100100;1422.6;98;9818249366;S
20240313;100100;1422.6;10;9818249413;S
20240313;100102;1423;1;9818249674;S
20240313;100102;1422.6;8;9818249675;S
20240313;100103;1423.2;1;9818249809;B
20240313;100103;1423.2;20;9818249858;B
20240313;100104;1423;1;9818249956;S
20240313;100105;1423.2;19;9818250162;B
20240313;100105;1423.4;26;9818250163;B
20240313;100105;1423.6;1;9818250164;B
20240313;100105;1423.6;5;9818250165;B
20240313;100105;1423.6;20;9818250166;B
20240313;100105;1423.8;1;9818250167;B
20240313;100105;1423.8;4;9818250168;B
20240313;100105;1423.8;1;9818250169;B
20240313;100105;1423.8;23;9818250170;B
20240313;100105;1423;4;9818250203;S
20240313;100105;1423;20;9818250204;S
20240313;100106;1423;39;9818250260;B
20240313;100106;1423;10;9818250302;B
20240313;100107;1423;10;9818250388;B
20240313;100107;1423;10;9818250435;B
20240313;100107;1423;10;9818250471;B
20240313;100108;1422.8;1;9818250550;S
20240313;100108;1423;14;9818250606;B
20240313;100109;1422.8;12;9818250749;S
20240313;100109;1423;3;9818250823;B
20240313;100109;1423;73;9818250893;B
20240313;100109;1423;157;9818250914;B
20240313;100110;1422.8;7;9818251031;S
20240313;100110;1422.8;11;9818251064;S
20240313;100110;1422.8;7;9818251065;S
20240313;100111;1423;17;9818251089;B
20240313;100111;1423;10;9818251105;B
20240313;100111;1423;1;9818251216;B
20240313;100112;1423;80;9818251260;B
20240313;100112;1422.8;1;9818251403;S
20240313;100112;1422.8;8;9818251412;S
20240313;100112;1423;100;9818251443;B
20240313;100113;1423;32;9818251504;B
20240313;100113;1423;114;9818251619;B
20240313;100113;1423;29;9818251620;B
20240313;100113;1422.8;3;9818251622;S
20240313;100113;1422.8;13;9818251623;S
20240313;100114;1423;10;9818251632;B
20240313;100114;1423;10;9818251633;B
20240313;100114;1423;35;9818251717;B
20240313;100114;1423.2;8;9818251718;B
20240313;100116;1423.2;11;9818252062;B
20240313;100117;1423.2;2;9818252110;B
20240313;100117;1423.2;1;9818252117;B
20240313;100117;1423.2;10;9818252162;B
20240313;100118;1423;1;9818252305;S
20240313;100118;1423;20;9818252306;S
20240313;100118;1423;27;9818252307;S
20240313;100118;1423;40;9818252308;S
20240313;100118;1422.8;3;9818252309;S
20240313;100118;1422.8;109;9818252310;S
20240313;100118;1423.2;1;9818252458;B
20240313;100118;1423.4;14;9818252459;B
20240313;100118;1423.4;3;9818252460;B
20240313;100118;1423.4;1;9818252461;B
20240313;100118;1423.4;3;9818252462;B
20240313;100120;1423.6;30;9818252824;B
20240313;100121;1423.6;4;9818252927;B
20240313;100121;1423.6;8;9818252940;B
20240313;100121;1423.6;30;9818252945;B
20240313;100122;1423.6;70;9818253126;B
20240313;100122;1423.6;26;9818253127;B
20240313;100122;1423.6;4;9818253128;B
20240313;100123;1423.6;10;9818253223;B
20240313;100123;1423.4;10;9818253286;S
20240313;100125;1423.6;6;9818253609;B
20240313;100125;1423.6;2;9818253687;B
20240313;100126;1423.6;10;9818253880;B
20240313;100127;1423.4;30;9818253962;S
20240313;100127;1423.4;1;9818253963;S
20240313;100127;1423.4;9;9818253964;S
20240313;100127;1423.6;68;9818254030;B
20240313;100127;1423.6;32;9818254031;B
20240313;100128;1423.6;38;9818254064;B
20240313;100128;1423.4;21;9818254125;S
20240313;100128;1423.4;1;9818254205;S
20240313;100128;1423.4;99;9818254206;B
20240313;100128;1423.6;2;9818254215;B
20240313;100128;1423.6;100;9818254216;B
20240313;100128;1423.6;6;9818254217;B
20240313;100128;1423.8;2;9818254218;B
20240313;100128;1423.8;1;9818254219;B
20240313;100128;1423.8;2;9818254220;B
20240313;100128;1423.8;1;9818254221;B
20240313;100128;1423.8;5;9818254222;B
20240313;100128;1423.8;195;9818254223;B
20240313;100128;1423.8;11;9818254224;B
20240313;100130;1423.6;1;9818254463;S
20240313;100130;1423.6;12;9818254534;S
20240313;100130;1423.6;11;9818254593;S
20240313;100130;1423.8;56;9818254626;B
20240313;100131;1423.6;16;9818254664;S
20240313;100131;1423.6;2;9818254665;S
20240313;100132;1423.8;1;9818254852;B
20240313;100133;1423.8;1;9818254965;B
20240313;100134;1423.8;38;9818255235;B
20240313;100134;1423.8;1;9818255288;B
20240313;100134;1423.6;1;9818255324;S
20240313;100134;1423.6;1;9818255366;S
20240313;100136;1423.8;1;9818255694;B
20240313;100137;1423.8;10;9818255908;B
20240313;100138;1423.8;1;9818255945;B
20240313;100138;1423.6;15;9818255948;S
20240313;100138;1423.6;4;9818255972;S
20240313;100138;1423.8;5;9818255998;B
20240313;100139;1423.8;2;9818256048;B
20240313;100139;1423.6;4;9818256050;S
20240313;100139;1423.6;6;9818256051;S
20240313;100141;1423.8;26;9818256315;B
20240313;100141;1423.8;16;9818256352;B
20240313;100141;1423.8;100;9818256353;B
20240313;100141;1423.8;212;9818256354;B
20240313;100141;1423.8;522;9818256355;B
20240313;100141;1423.8;26;9818256356;B
20240313;100141;1423.8;100;9818256357;S
20240313;100141;1424;26;9818256358;B
20240313;100141;1424;1;9818256367;B
20240313;100141;1423.8;500;9818256369;S
20240313;100141;1423.8;40;9818256372;S
20240313;100141;1423.8;5;9818256394;S
20240313;100141;1424;7;9818256407;B
20240313;100141;1424;1;9818256431;B
20240313;100141;1423.8;50;9818256435;S
20240313;100141;1423.8;2;9818256440;S
20240313;100141;1424;175;9818256441;B
20240313;100142;1424;3;9818256465;B
20240313;100142;1423.8;2;9818256488;S
20240313;100142;1424;3;9818256550;B
20240313;100142;1424;10;9818256590;B
20240313;100143;1424;274;9818256655;B
20240313;100143;1424;1;9818256656;B
20240313;100143;1424;1;9818256657;B
20240313;100143;1424;1;9818256658;B
20240313;100143;1424;9;9818256659;B
20240313;100143;1424;1;9818256673;B
20240313;100143;1424;10;9818256787;B
20240313;100143;1423.8;1;9818256789;S
20240313;100144;1423.8;10;9818256822;S
20240313;100144;1424;2;9818256866;B
20240313;100144;1423.8;6;9818256911;S
20240313;100145;1423.8;1000;9818257023;S
20240313;100146;1423.8;1;9818257223;S
20240313;100146;1423.8;7;9818257230;S
20240313;100146;1424;7;9818257307;B
20240313;100147;1424;21;9818257385;B
20240313;100147;1424;29;9818257386;B
20240313;100148;1423.8;10;9818257526;S
20240313;100148;1423.8;11;9818257580;S
20240313;100149;1424;56;9818257632;B
20240313;100149;1424;1;9818257633;B
20240313;100149;1424;1;9818257634;B
20240313;100149;1424;42;9818257635;B
20240313;100149;1423.8;2;9818257638;S
20240313;100149;1423.8;39;9818257713;S
20240313;100150;1424;20;9818257767;B
20240313;100150;1424;2;9818257771;B
20240313;100150;1424;10;9818257803;B
20240313;100150;1424;19;9818257804;B
20240313;100150;1423.8;7;9818257870;S
20240313;100151;1424;3;9818258023;B
20240313;100151;1423.8;12;9818258132;S
20240313;100151;1423.8;41;9818258150;S
20240313;100151;1423.8;60;9818258151;S
20240313;100152;1424;56;9818258357;B
20240313;100152;1424;5;9818258358;B
20240313;100152;1424;3;9818258359;B
20240313;100152;1424;1;9818258360;B
20240313;100152;1424;1;9818258361;B
20240313;100152;1424;100;9818258362;B
20240313;100152;1424;100;9818258363;B
20240313;100152;1424;5;9818258364;B
20240313;100152;1424;3;9818258365;B
20240313;100152;1424;4;9818258366;B
20240313;100152;1424;5;9818258367;B
20240313;100152;1424;3;9818258368;B
20240313;100152;1424;5;9818258369;B
20240313;100152;1424;1;9818258370;B
20240313;100152;1424;23;9818258371;B
20240313;100152;1424;3;9818258372;B
20240313;100152;1424;5;9818258373;B
20240313;100152;1424;5;9818258374;B
20240313;100152;1424;112;9818258375;B
20240313;100152;1424;25;9818258376;B
20240313;100152;1424;2;9818258377;B
20240313;100152;1424;33;9818258378;B
20240313;100152;1424;179;9818258379;B
20240313;100152;1424;20;9818258380;B
20240313;100152;1424;5;9818258381;B
20240313;100152;1424;2;9818258394;S
20240313;100153;1424;100;9818258537;S
20240313;100153;1424.2;1;9818258566;B
20240313;100153;1424.2;1;9818258567;B
20240313;100153;1424.2;5;9818258568;B
20240313;100153;1424.2;5;9818258569;B
20240313;100153;1424.2;8;9818258570;B
20240313;100154;1424.2;2;9818258600;B
20240313;100154;1424.2;1;9818258601;B
20240313;100154;1424.2;1;9818258602;B
20240313;100154;1424.4;22;9818258603;B
20240313;100154;1424.4;1;9818258604;B
20240313;100154;1424.4;1;9818258605;B
20240313;100154;1424.4;50;9818258606;B
20240313;100154;1424.4;5;9818258607;B
20240313;100154;1424.4;35;9818258608;B
20240313;100154;1424.4;31;9818258609;B
20240313;100154;1424.6;10;9818258610;B
20240313;100154;1424.6;1;9818258611;B
20240313;100154;1424.6;1;9818258612;B
20240313;100154;1424.6;2;9818258613;B
20240313;100154;1424.6;5;9818258614;B
20240313;100154;1424.6;10;9818258615;B
20240313;100154;1424.6;212;9818258616;B
20240313;100154;1424.8;1;9818258617;B
20240313;100154;1424.8;10;9818258618;B
20240313;100154;1424.8;50;9818258619;B
20240313;100154;1424.8;1;9818258620;B
20240313;100154;1424.8;34;9818258621;B
20240313;100154;1424.4;20;9818258622;S
20240313;100154;1424.4;20;9818258686;S
20240313;100154;1424.2;30;9818258687;S
20240313;100154;1424.4;2;9818258691;S
20240313;100154;1424.2;10;9818258712;S
20240313;100154;1424.4;10;9818258741;S
20240313;100155;1424.4;1;9818258848;S
20240313;100155;1424.4;3;9818258868;S
20240313;100155;1424.4;23;9818258900;S
20240313;100155;1424.6;2;9818258942;B
20240313;100155;1424.6;2;9818258943;B
20240313;100155;1424.6;2;9818258944;B
20240313;100155;1424.6;2;9818258945;B
20240313;100155;1424.6;3;9818258946;B
20240313;100156;1424.6;4;9818259012;B
20240313;100156;1424.8;1;9818259013;B
20240313;100156;1424.4;83;9818259149;S
20240313;100156;1424.2;188;9818259150;S
20240313;100156;1424.2;24;9818259151;S
20240313;100159;1424.4;1;9818259511;B
20240313;100159;1424.6;17;9818259512;B
20240313;100159;1424;3;9818259604;S
20240313;100203;1424.4;1;9818260301;S
20240313;100203;1424.6;1;9818260313;B
20240313;100203;1424.6;1;9818260366;B
20240313;100203;1424.6;1;9818260375;B
20240313;100203;1424.6;1;9818260376;B
20240313;100203;1424.6;4;9818260379;B
20240313;100204;1424.6;2;9818260540;B
20240313;100205;1424.4;35;9818260684;S
20240313;100205;1424.4;15;9818260685;S
20240313;100207;1424.6;9;9818261111;B
20240313;100211;1424.6;1;9818261722;B
20240313;100211;1424.6;32;9818261723;B
20240313;100211;1424.6;5;9818261724;B
20240313;100211;1424.6;20;9818261725;B
20240313;100211;1424.6;1;9818261726;B
20240313;100211;1424.6;1;9818261727;B
20240313;100211;1424.8;5;9818261728;B
20240313;100211;1424.8;4;9818261729;B
20240313;100211;1424.8;1;9818261730;B
20240313;100211;1424.8;1;9818261731;B
20240313;100211;1424.8;1;9818261732;B
20240313;100211;1424.8;15;9818261733;B
20240313;100211;1424.8;4;9818261734;B
20240313;100211;1424.8;3;9818261735;B
20240313;100211;1424.8;2;9818261736;B
20240313;100211;1424.8;11;9818261737;B
20240313;100211;1424.8;35;9818261738;B
20240313;100211;1424.8;198;9818261739;B
20240313;100211;1424.8;1;9818261740;B
20240313;100211;1424.8;135;9818261741;B
20240313;100211;1424.8;18;9818261742;B
20240313;100211;1424.8;30;9818261743;B
20240313;100211;1424.8;212;9818261744;B
20240313;100211;1425;1;9818261745;B
20240313;100211;1425;10;9818261746;B
20240313;100211;1425;50;9818261747;B
20240313;100211;1425;3;9818261748;B
20240313;100211;1425;10;9818261749;B
20240313;100211;1425;49;9818261750;B
20240313;100211;1425;3;9818261751;B
20240313;100211;1425;25;9818261752;B
20240313;100211;1425;1;9818261753;B
20240313;100211;1425;50;9818261754;B
20240313;100211;1425;10;9818261755;B
20240313;100211;1425;1;9818261756;B
20240313;100211;1425;1;9818261757;B
20240313;100211;1425;1;9818261758;B
20240313;100211;1425;40;9818261759;B
20240313;100211;1425;50;9818261760;B
20240313;100211;1425;8;9818261761;B
20240313;100211;1425;1;9818261762;B
20240313;100211;1425;3;9818261763;B
20240313;100211;1425;1;9818261764;B
20240313;100211;1425;1;9818261765;B
20240313;100211;1425;1;9818261766;B
20240313;100211;1425;7;9818261767;B
20240313;100211;1425;1;9818261768;B
20240313;100211;1425;20;9818261769;B
20240313;100211;1425;75;9818261770;B
20240313;100211;1425;25;9818261771;B
20240313;100211;1425;8;9818261772;B
20240313;100211;1425;19;9818261773;B
20240313;100211;1425;170;9818261774;B
20240313;100211;1425;3;9818261775;B
20240313;100211;1425;5;9818261776;B
20240313;100211;1425;1;9818261777;B
20240313;100211;1425;4;9818261778;B
20240313;100211;1425;100;9818261779;B
20240313;100211;1425;1;9818261780;B
20240313;100211;1425;50;9818261781;B
20240313;100211;1425;5;9818261782;B
20240313;100211;1425;1;9818261783;B
20240313;100211;1425;1;9818261784;B
20240313;100211;1425;1;9818261785;B
20240313;100211;1425;3;9818261786;B
20240313;100211;1425;1;9818261787;B
20240313;100211;1425;1;9818261788;B
20240313;100211;1425;19;9818261789;B
20240313;100211;1425;4;9818261790;B
20240313;100211;1425;20;9818261791;B
20240313;100211;1425;2;9818261792;B
20240313;100211;1425;1;9818261793;B
20240313;100211;1425;46;9818261794;B
20240313;100211;1425;153;9818261795;B
20240313;100211;1425;1;9818261796;B
20240313;100211;1425;1;9818261797;B
20240313;100211;1425;1;9818261798;B
20240313;100211;1425;40;9818261799;B
20240313;100211;1425;2;9818261800;B
20240313;100211;1425;469;9818261801;B
20240313;100211;1425;10;9818261802;B
20240313;100211;1425;20;9818261803;B
20240313;100211;1425;5;9818261804;B
20240313;100211;1425;3;9818261805;B
20240313;100211;1425;10;9818261806;B
20240313;100211;1425;10;9818261807;B
20240313;100211;1425;2;9818261808;B
20240313;100211;1425;1;9818261809;B
20240313;100211;1425;5;9818261810;B
20240313;100211;1425;5;9818261811;B
20240313;100211;1425;3;9818261812;B
20240313;100211;1425;5;9818261813;B
20240313;100211;1425;45;9818261814;B
20240313;100211;1425;5;9818261815;B
20240313;100211;1425;1;9818261816;B
20240313;100211;1425;12;9818261817;B
20240313;100211;1425;100;9818261818;B
20240313;100211;1425;2;9818261819;B
20240313;100211;1425;50;9818261820;B
20240313;100211;1425;25;9818261821;B
20240313;100211;1425;10;9818261822;B
20240313;100211;1425;1;9818261823;B
20240313;100211;1425;5;9818261824;B
20240313;100211;1425.2;1;9818261825;B
20240313;100211;1425.2;6;9818261826;B
20240313;100211;1425.2;1;9818261827;B
20240313;100211;1425.2;10;9818261828;B
20240313;100211;1425.2;5;9818261829;B
20240313;100211;1425.2;103;9818261830;B
20240313;100211;1425.4;1;9818261831;B
20240313;100211;1425.4;2;9818261832;B
20240313;100211;1425.4;1;9818261833;B
20240313;100211;1425.4;1;9818261834;B
20240313;100211;1425.4;1;9818261835;B
20240313;100211;1425.4;5;9818261836;B
20240313;100211;1425.4;56;9818261837;B
20240313;100211;1425.6;1;9818261838;B
20240313;100211;1425.6;1;9818261839;B
20240313;100211;1425.6;1;9818261840;B
20240313;100211;1425.6;1;9818261841;B
20240313;100211;1425.6;100;9818261842;B
20240313;100211;1425.6;150;9818261843;B
20240313;100211;1425.6;5;9818261844;B
20240313;100211;1425.6;5;9818261845;B
20240313;100211;1425.6;56;9818261846;B
20240313;100211;1425.8;55;9818261847;B
20240313;100211;1425.8;1;9818261848;B
20240313;100211;1425.8;10;9818261849;B
20240313;100211;1425.8;1;9818261850;B
20240313;100211;1425.8;5;9818261851;B
20240313;100211;1425.8;8;9818261852;B
20240313;100211;1425.8;8;9818261853;B
20240313;100211;1425.8;140;9818261854;B
20240313;100211;1425.8;56;9818261855;B
20240313;100211;1426;11;9818261856;B
20240313;100211;1426;1;9818261857;B
20240313;100211;1426;1;9818261858;B
20240313;100211;1426;1;9818261859;B
20240313;100211;1426;1;9818261860;B
20240313;100211;1426;20;9818261861;B
20240313;100211;1426;5;9818261862;B
20240313;100211;1426;4;9818261863;B
20240313;100211;1426;60;9818261864;B
20240313;100211;1426;50;9818261865;B
20240313;100211;1426;1;9818261866;B
20240313;100211;1426;158;9818261867;B
20240313;100211;1426;100;9818261868;B
20240313;100211;1426;5;9818261869;B
20240313;100211;1426.2;1;9818261870;B
20240313;100211;1426.2;5;9818261871;B
20240313;100211;1426.2;500;9818261872;B
20240313;100211;1426.4;1;9818261873;B
20240313;100211;1426.4;1;9818261874;B
20240313;100211;1426.4;4;9818261875;B
20240313;100211;1426.4;5;9818261876;B
20240313;100211;1426.4;23;9818261877;B
20240313;100211;1426.4;750;9818261878;B
20240313;100211;1426.6;1;9818261879;B
20240313;100211;1426.6;10;9818261880;B
20240313;100211;1426.6;350;9818261881;B
20240313;100211;1426.6;5;9818261882;B
20240313;100211;1426.6;1;9818261883;B
20240313;100211;1426.6;700;9818261884;B
20240313;100211;1426.6;100;9818261885;B
20240313;100211;1426.6;100;9818261886;B
20240313;100211;1426.6;1;9818261887;B
20240313;100211;1426.8;1;9818261888;B
20240313;100211;1426.8;10;9818261889;B
20240313;100211;1426.8;1000;9818261890;B
20240313;100211;1426.8;1;9818261891;B
20240313;100211;1426.8;1;9818261892;B
20240313;100211;1426.8;100;9818261893;B
20240313;100211;1426.8;4469;9818261894;B
20240313;100211;1426.8;200;9818261895;B
20240313;100211;1426.8;1;9818261896;B
20240313;100211;1426.8;1;9818261897;B
20240313;100211;1426.8;6;9818261898;B
20240313;100211;1426.8;2785;9818261899;B
20240313;100211;1426.4;17;9818261902;B
20240313;100211;1426.4;30;9818261903;B
20240313;100211;1425.4;1;9818261951;S
20240313;100211;1425.4;10;9818261952;S
20240313;100211;1425.4;4;9818261953;S
20240313;100211;1425.4;1;9818261954;S
20240313;100211;1425.4;3;9818261955;S
20240313;100211;1425.4;1;9818261956;S
20240313;100211;1425.2;11;9818261957;S
20240313;100211;1425.2;5;9818261958;S
20240313;100211;1425.4;20;9818261959;S
20240313;100211;1425.4;11;9818261960;S
20240313;100211;1425.2;4;9818261961;S
20240313;100211;1425.2;11;9818261962;S
20240313;100211;1425.2;1;9818261963;S
20240313;100211;1425.4;1;9818261993;S
20240313;100211;1425.4;2;9818261994;S
20240313;100211;1425.4;17;9818261995;S
20240313;100211;1425.2;3;9818261996;S
20240313;100211;1425.2;12;9818261997;S
20240313;100211;1425.2;10;9818261998;S
20240313;100211;1425.2;1;9818261999;S
20240313;100211;1425.2;9;9818262000;S
20240313;100211;1425.2;70;9818262001;S
20240313;100211;1425.2;11;9818262002;S
20240313;100211;1425.2;20;9818262003;S
20240313;100211;1425;56;9818262004;S
20240313;100211;1424.8;56;9818262005;S
20240313;100211;1424.8;6;9818262006;S
20240313;100212;1425;27;9818262068;S
20240313;100212;1425;5;9818262072;B
20240313;100212;1425.2;2;9818262083;S
20240313;100212;1425.2;2;9818262086;S
20240313;100212;1425.2;1;9818262088;S
20240313;100212;1425.2;1;9818262092;S
20240313;100212;1425.2;8;9818262093;S
20240313;100212;1425.2;550;9818262094;S
20240313;100212;1426;1;9818262095;B
20240313;100212;1426.2;11;9818262096;B
20240313;100212;1426.2;38;9818262097;B
20240313;100212;1425.2;35;9818262098;S
20240313;100212;1425.2;3;9818262099;S
20240313;100212;1426;5;9818262108;B
20240313;100212;1425.2;8;9818262109;S
20240313;100212;1425.2;1;9818262110;S
20240313;100212;1426;1;9818262111;B
20240313;100212;1425.2;19;9818262112;S
20240313;100212;1425.2;1;9818262113;S
20240313;100212;1425.2;1;9818262114;S
20240313;100212;1425.2;28;9818262115;S
20240313;100212;1425.4;1;9818262116;B
20240313;100212;1426;5;9818262117;B
20240313;100212;1426.2;18;9818262118;B
20240313;100212;1426.4;26;9818262119;B
20240313;100212;1425.2;40;9818262120;S
20240313;100212;1425.2;11;9818262121;S
20240313;100212;1425;70;9818262122;S
20240313;100212;1424.8;29;9818262123;S
20240313;100212;1425;1;9818262124;S
20240313;100212;1425;2;9818262127;S
20240313;100212;1425;10;9818262128;S
20240313;100212;1425;1;9818262129;S
20240313;100212;1425;50;9818262130;S
20240313;100212;1425;5;9818262131;S
20240313;100212;1425;1;9818262132;S
20240313;100212;1425;5;9818262133;S
20240313;100212;1425;8;9818262134;S
20240313;100212;1425;109;9818262135;S
20240313;100212;1425;11;9818262136;S
20240313;100212;1424.6;56;9818262138;S
20240313;100212;1424.6;7;9818262139;S
20240313;100212;1424.6;1;9818262140;S
20240313;100212;1424.6;4;9818262141;S
20240313;100212;1424.6;50;9818262142;S
20240313;100212;1424.4;1;9818262149;S
20240313;100212;1424.4;4;9818262150;S
20240313;100212;1424.4;15;9818262151;S
20240313;100212;1424.6;1;9818262179;B
20240313;100212;1424.4;9;9818262180;S
20240313;100212;1424.6;2;9818262181;B
20240313;100212;1424.8;212;9818262182;B
20240313;100212;1425;20;9818262183;B
20240313;100212;1425;3;9818262184;B
20240313;100212;1425;1;9818262185;B
20240313;100212;1425;1;9818262186;B
20240313;100212;1425;11;9818262187;B
20240313;100212;1425;1;9818262188;B
20240313;100212;1425;3;9818262189;B
20240313;100212;1425;46;9818262190;B
20240313;100212;1424.4;10;9818262196;S
20240313;100212;1424.8;2;9818262218;B
20240313;100213;1424.4;6;9818262271;S
20240313;100213;1424.6;50;9818262272;B
20240313;100213;1424.8;3;9818262273;B
20240313;100213;1424.8;3;9818262274;B
20240313;100215;1424.6;1;9818262624;S
20240313;100216;1424.8;4;9818262736;B
20240313;100216;1424.8;4;9818262751;B
20240313;100216;1424.8;2;9818262852;B
20240313;100216;1424.8;10;9818262902;B
20240313;100216;1424.8;7;9818262905;B
20240313;100216;1424.8;7;9818262918;B
20240313;100216;1424.8;7;9818262951;B
20240313;100217;1424.8;20;9818262973;B
20240313;100217;1424.6;2;9818263078;S
20240313;100217;1424.8;15;9818263110;B
20240313;100217;1424.8;15;9818263118;B
20240313;100218;1424.6;5;9818263223;S
20240313;100218;1424.8;10;9818263251;B
20240313;100218;1424.8;8;9818263382;B
20240313;100218;1424.8;8;9818263388;B
20240313;100219;1424.6;1;9818263591;S
20240313;100219;1424.6;1;9818263604;S
20240313;100219;1424.8;1;9818263606;B
20240313;100219;1424.8;14;9818263607;B
20240313;100219;1424.8;10;9818263635;B
20240313;100220;1424.8;15;9818263803;B
20240313;100220;1424.8;212;9818263804;B
20240313;100220;1424.8;3;9818263805;B
20240313;100221;1424.6;1;9818263931;S
20240313;100221;1424.8;1;9818263936;B
20240313;100221;1424.6;1;9818263966;S
20240313;100221;1424.8;1;9818263970;B
20240313;100221;1424.8;29;9818263971;B
20240313;100221;1424.8;7;9818263972;B
20240313;100222;1424.8;14;9818264017;B
20240313;100222;1424.8;30;9818264018;B
20240313;100222;1424.8;3;9818264019;B
20240313;100222;1424.8;1;9818264020;B
20240313;100223;1424.8;25;9818264126;S
20240313;100223;1425;46;9818264181;B
20240313;100223;1425;129;9818264182;B
20240313;100223;1425;20;9818264183;B
20240313;100223;1425;2;9818264184;B
20240313;100223;1425;3;9818264185;B
20240313;100223;1424.8;1;9818264223;S
20240313;100223;1424.8;2;9818264245;S
20240313;100224;1425;2;9818264301;B
20240313;100224;1425;4;9818264302;B
20240313;100224;1425;5;9818264303;B
20240313;100224;1425;1;9818264304;B
20240313;100224;1425;11;9818264305;B
20240313;100224;1425;4;9818264306;B
20240313;100224;1425;23;9818264307;B
20240313;100224;1425;5;9818264308;B
20240313;100224;1425;1;9818264309;B
20240313;100224;1425;1;9818264310;B
20240313;100224;1425;22;9818264311;B
20240313;100224;1425;5;9818264312;B
20240313;100224;1425;16;9818264313;B
20240313;100224;1425;20;9818264355;B
20240313;100224;1425;1;9818264366;B
20240313;100224;1425;4;9818264373;B
20240313;100224;1425;4;9818264392;B
20240313;100224;1425;5;9818264454;B
20240313;100224;1425;1;9818264455;B
20240313;100224;1425;1;9818264456;B
20240313;100224;1425;7;9818264457;B
20240313;100224;1425;3;9818264458;B
20240313;100224;1425;1;9818264459;B
20240313;100224;1425;12;9818264460;B
20240313;100224;1425;10;9818264500;B
20240313;100224;1424.8;24;9818264518;S
20240313;100224;1424.8;26;9818264519;S
20240313;100224;1424.8;2;9818264525;S
20240313;100225;1425;4;9818264581;B
20240313;100225;1425;1;9818264617;B
20240313;100225;1425;3;9818264622;B
20240313;100225;1425;33;9818264623;B
20240313;100225;1425;4;9818264624;B
20240313;100225;1425;1;9818264625;B
20240313;100225;1425;2;9818264626;B
20240313;100225;1425;20;9818264627;B
20240313;100225;1425;7;9818264628;B
20240313;100225;1425;23;9818264629;B
20240313;100225;1425;20;9818264630;B
20240313;100225;1425;1;9818264631;B
20240313;100225;1425;5;9818264632;B
20240313;100226;1425;20;9818264745;B
20240313;100226;1425;1;9818264746;B
20240313;100226;1425;79;9818264747;B
20240313;100226;1425;21;9818264784;B
20240313;100226;1425;1;9818264785;B
20240313;100226;1425;5;9818264786;B
20240313;100226;1425;73;9818264787;B
20240313;100226;1425;1;9818264796;B
20240313;100226;1424.8;1;9818264829;S
20240313;100226;1425;1;9818264869;B
20240313;100226;1425;25;9818264880;B
20240313;100226;1425;175;9818264881;B
20240313;100227;1425;175;9818264895;B
20240313;100227;1425;5;9818264896;B
20240313;100227;1425;2;9818264897;B
20240313;100227;1425;30;9818264898;B
20240313;100227;1425.2;1;9818264899;B
20240313;100227;1425.2;1;9818264900;B
20240313;100227;1425.2;5;9818264901;B
20240313;100227;1425.2;31;9818264902;B
20240313;100227;1425.4;5;9818264903;B
20240313;100227;1425.4;11;9818264904;B
20240313;100227;1425.6;5;9818264905;B
20240313;100227;1425.6;3;9818264906;B
20240313;100227;1425.6;5;9818264907;B
20240313;100227;1425.6;21;9818264908;B
20240313;100227;1425.6;18;9818264935;B
20240313;100227;1425.6;20;9818265016;B
20240313;100227;1425.6;18;9818265020;B
20240313;100227;1425.6;30;9818265082;B
20240313;100227;1425.2;1;9818265114;S
20240313;100228;1425.4;1;9818265253;S
20240313;100229;1425.6;8;9818265355;B
20240313;100229;1425.6;8;9818265369;B
20240313;100229;1425.6;11;9818265395;B
20240313;100229;1425.6;11;9818265418;B
20240313;100229;1425.6;19;9818265434;B
20240313;100229;1425.6;17;9818265462;B
20240313;100229;1425.8;2;9818265463;B
20240313;100229;1425.8;2;9818265496;B
20240313;100229;1425.8;2;9818265497;B
20240313;100229;1425.8;12;9818265558;B
20240313;100229;1425.8;6;9818265559;B
20240313;100229;1425.8;5;9818265560;B
20240313;100229;1425.8;7;9818265561;B
20240313;100229;1425.8;4;9818265653;B
20240313;100229;1425.2;1;9818265678;S
20240313;100230;1425.2;15;9818265844;S
20240313;100231;1425.2;4;9818266039;S
20240313;100231;1425.2;25;9818266040;S
20240313;100231;1425.2;1;9818266041;S
20240313;100231;1425;1000;9818266042;S
20240313;100231;1425;140;9818266043;S
20240313;100231;1425;34;9818266044;B
20240313;100232;1425;10;9818266218;B
20240313;100233;1425;1;9818266432;B
20240313;100233;1425;700;9818266434;B
20240313;100234;1425;85;9818266517;B
20240313;100234;1425.2;31;9818266518;B
20240313;100234;1425.6;56;9818266519;B
20240313;100234;1425.6;198;9818266520;B
20240313;100234;1425.6;58;9818266521;B
20240313;100234;1425.6;1;9818266523;B
20240313;100235;1425.6;2;9818266791;B
20240313;100236;1425.2;1;9818266801;S
20240313;100237;1425.6;5;9818267003;B
20240313;100237;1425.6;34;9818267078;B
20240313;100237;1425.6;2;9818267079;B
20240313;100237;1425.6;2;9818267080;B
20240313;100237;1425.8;15;9818267081;B
20240313;100238;1425.8;2;9818267134;B
20240313;100238;1425.4;5;9818267183;B
20240313;100240;1425.6;1;9818267476;B
20240313;100240;1425.6;1;9818267477;B
20240313;100240;1425.2;1;9818267534;S
20240313;100241;1425.6;2;9818267619;B
20240313;100241;1425.6;47;9818267652;B
20240313;100241;1425.8;5;9818267653;B
20240313;100241;1425.8;1;9818267654;B
20240313;100241;1425.8;32;9818267655;B
20240313;100241;1426;5;9818267656;B
20240313;100241;1426;2;9818267657;B
20240313;100241;1426;1;9818267658;B
20240313;100241;1426;1;9818267659;B
20240313;100241;1426;1;9818267660;B
20240313;100241;1426;5;9818267661;B
20240313;100241;1426;5;9818267662;B
20240313;100241;1426;50;9818267663;B
20240313;100241;1426;1;9818267664;B
20240313;100241;1426;1;9818267665;B
20240313;100241;1426.2;8;9818267666;B
20240313;100241;1426.2;1;9818267667;B
20240313;100241;1426.2;5;9818267668;B
20240313;100241;1426.2;20;9818267669;B
20240313;100241;1426.2;3;9818267670;B
20240313;100241;1426.2;29;9818267671;B
20240313;100241;1426.2;10;9818267683;B
20240313;100242;1426;1;9818267900;B
20240313;100244;1426;3;9818268092;B
20240313;100245;1425.6;1;9818268560;S
20240313;100248;1425.8;1;9818268981;B
20240313;100248;1426;996;9818268982;B
20240313;100248;1426;3;9818268983;B
20240313;100248;1425.8;5;9818269051;B
20240313;100248;1426;47;9818269052;B
20240313;100248;1426;1;9818269053;B
20240313;100248;1426.2;11;9818269054;B
20240313;100248;1426.2;1;9818269055;B
20240313;100248;1426.4;3;9818269056;B
20240313;100248;1426.4;1;9818269057;B
20240313;100248;1426.4;2;9818269058;B
20240313;100248;1426.4;5;9818269059;B
20240313;100248;1426.4;20;9818269060;B
20240313;100248;1426.4;54;9818269061;B
20240313;100252;1425.8;1;9818269575;S
20240313;100253;1426.2;1;9818269789;B
20240313;100253;1426.2;1;9818269790;B
20240313;100253;1426.4;1;9818269791;B
20240313;100253;1426.4;76;9818269792;B
20240313;100253;1426.4;1;9818269793;B
20240313;100253;1426.6;4;9818269794;B
20240313;100253;1426.6;1;9818269795;B
20240313;100253;1426.6;2;9818269796;B
20240313;100253;1426.6;5;9818269797;B
20240313;100253;1426.6;208;9818269798;B
20240313;100253;1425.8;10;9818269825;S
20240313;100253;1425.8;190;9818269826;S
20240313;100254;1425.8;16;9818269831;S
20240313;100254;1425.6;2;9818269832;S
20240313;100254;1425.6;5;9818269833;S
20240313;100254;1425.4;127;9818269834;S
20240313;100254;1426.2;1;9818269929;B
20240313;100254;1426.2;14;9818269930;B
20240313;100255;1426;15;9818269955;S
20240313;100255;1425.6;21;9818269956;S
20240313;100255;1425.4;3;9818269957;S
20240313;100255;1426.4;10;9818269971;B
20240313;100255;1426.4;105;9818269984;B
20240313;100257;1425.6;1;9818270265;B
20240313;100257;1426;4;9818270266;B
20240313;100259;1426;2;9818270644;B
20240313;100300;1425.8;2;9818270862;S
20240313;100300;1425.6;2;9818270863;S
20240313;100301;1426;1;9818270884;B
20240313;100301;1426;2;9818270902;B
20240313;100301;1426;2;9818270903;B
20240313;100301;1426;1;9818270904;B
20240313;100301;1425.6;1;9818271018;S
20240313;100303;1425.6;3;9818271225;S
20240313;100303;1426;2;9818271239;B
20240313;100304;1426;2;9818271444;B
20240313;100304;1425.8;3;9818271464;S
20240313;100305;1425.8;7;9818271568;S
20240313;100305;1425.6;1;9818271686;S
20240313;100306;1425.6;1;9818271776;S
20240313;100306;1425.8;1;9818271795;B
20240313;100307;1425.6;306;9818271957;S
20240313;100307;1425.8;1;9818271978;B
20240313;100307;1425.8;2;9818271997;B
20240313;100308;1425.8;11;9818272134;B
20240313;100308;1425.8;26;9818272140;B
20240313;100308;1425.8;4;9818272141;B
20240313;100308;1425.8;1;9818272259;B
20240313;100308;1425.8;1;9818272273;S
20240313;100308;1425.8;139;9818272281;S
20240313;100308;1425.6;347;9818272282;S
20240313;100309;1426;10;9818272320;B
20240313;100309;1425.6;600;9818272390;S
20240313;100309;1425.6;1;9818272448;S
20240313;100310;1425.8;2;9818272568;B
20240313;100311;1425.6;3;9818272629;S
20240313;100311;1425.8;11;9818272644;B
20240313;100312;1425.8;37;9818272777;B
20240313;100312;1425.8;33;9818272778;B
20240313;100312;1426;38;9818272779;B
20240313;100312;1426;92;9818272780;B
20240313;100312;1426;35;9818272794;B
20240313;100312;1426;1;9818272799;B
20240313;100312;1426;1;9818272800;B
20240313;100312;1426;4;9818272824;B
20240313;100312;1426;6;9818272825;B
20240313;100313;1426;10;9818272897;B
20240313;100313;1426;120;9818272913;B
20240313;100313;1426;178;9818272914;B
20240313;100314;1426;191;9818273066;B
20240313;100315;1426;10;9818273183;B
20240313;100315;1426;3;9818273189;B
20240313;100315;1425.8;51;9818273228;S
20240313;100315;1425.6;1949;9818273229;S
20240313;100315;1425.6;16;9818273230;S
20240313;100315;1425.6;16;9818273231;S
20240313;100315;1426;10;9818273260;B
20240313;100315;1426;1;9818273270;B
20240313;100316;1426;9;9818273311;B
20240313;100317;1425.8;14;9818273381;B
20240313;100317;1425.8;6;9818273382;B
20240313;100317;1425.8;29;9818273399;B
20240313;100317;1425.8;21;9818273400;B
20240313;100317;1425.6;1;9818273418;S
20240313;100318;1425.6;1;9818273524;S
20240313;100318;1425.6;1;9818273702;S
20240313;100318;1425.8;19;9818273726;B
20240313;100318;1425.8;100;9818273727;B
20240313;100318;1425.8;5;9818273728;B
20240313;100318;1426;46;9818273729;B
20240313;100319;1425.6;14;9818273734;S
20240313;100319;1425.6;15;9818273735;S
20240313;100319;1425.8;1;9818273854;B
20240313;100321;1425.8;3;9818274118;B
20240313;100321;1425.6;5;9818274119;S
20240313;100321;1425.2;29;9818274154;S
20240313;100321;1425.2;40;9818274155;S
20240313;100321;1425.2;1;9818274156;S
20240313;100322;1425.4;1;9818274221;B
20240313;100322;1425.4;17;9818274230;B
20240313;100322;1425.4;11;9818274275;B
20240313;100322;1425.4;11;9818274280;B
20240313;100322;1425.4;1;9818274345;B
20240313;100323;1425.4;5;9818274449;B
20240313;100323;1425.4;26;9818274459;B
20240313;100323;1425.4;8;9818274504;B
20240313;100323;1425.4;18;9818274505;B
20240313;100323;1425.4;1;9818274700;B
20240313;100324;1425.4;36;9818274710;B
20240313;100324;1425.4;34;9818274711;B
20240313;100324;1425.2;2;9818274780;S
20240313;100324;1425.4;10;9818274783;B
20240313;100324;1425.2;4;9818274797;S
20240313;100324;1425.4;4;9818274830;B
20240313;100324;1425.4;2;9818274836;B
20240313;100324;1425.6;2;9818274862;B
20240313;100325;1425.2;93;9818274943;S
20240313;100325;1425.2;25;9818274944;S
20240313;100325;1425.2;22;9818274945;S
20240313;100325;1425.2;13;9818274946;S
20240313;100325;1425.2;47;9818274947;S
20240313;100325;1425.2;50;9818274950;S
20240313;100326;1425.6;37;9818275055;B
20240313;100326;1425.6;63;9818275056;B
20240313;100327;1425.6;2;9818275251;B
20240313;100327;1425.6;35;9818275298;B
20240313;100327;1425.6;20;9818275299;B
20240313;100327;1425.8;46;9818275300;B
20240313;100327;1425.8;105;9818275301;B
20240313;100327;1425.8;5;9818275302;B
20240313;100327;1425.8;34;9818275303;B
20240313;100327;1425.8;97;9818275304;B
20240313;100327;1425.8;158;9818275305;B
20240313;100327;1425.8;8;9818275328;B
20240313;100328;1425.8;5;9818275407;B
20240313;100328;1425.8;37;9818275497;B
20240313;100328;1425.8;1;9818275632;B
20240313;100329;1426;4;9818275635;B
20240313;100329;1426;4;9818275670;B
20240313;100329;1425.8;45;9818275722;S
20240313;100329;1425.6;14;9818275723;S
20240313;100329;1425.6;198;9818275724;S
20240313;100329;1425.4;100;9818275725;S
20240313;100329;1425.4;11;9818275726;S
20240313;100329;1425.4;185;9818275727;S
20240313;100329;1425.4;20;9818275728;S
20240313;100329;1425.2;284;9818275729;S
20240313;100329;1425.2;70;9818275730;S
20240313;100329;1425;1832;9818275731;S
20240313;100329;1425.2;4;9818275819;S
20240313;100330;1425.2;7;9818275855;S
20240313;100330;1425;8;9818275876;S
20240313;100330;1425;25;9818275882;S
20240313;100330;1425.2;19;9818275942;B
20240313;100330;1425.2;4;9818275971;B
20240313;100330;1425.2;50;9818275972;B
20240313;100330;1425.4;35;9818275973;B
20240313;100330;1425.6;6;9818275974;B
20240313;100332;1425.4;40;9818276303;B
20240313;100332;1425.4;90;9818276304;B
20240313;100333;1425.4;2;9818276425;B
20240313;100333;1425.4;28;9818276456;B
20240313;100333;1425.4;35;9818276457;B
20240313;100334;1425.2;4;9818276639;S
20240313;100334;1425;75;9818276640;S
20240313;100334;1425;1;9818276660;S
20240313;100336;1425.2;1;9818276857;B
20240313;100336;1425.2;1;9818276858;B
20240313;100336;1425;3;9818276859;S
20240313;100336;1425;579;9818276871;S
20240313;100336;1425;1;9818276872;S
20240313;100336;1425;120;9818276873;S
20240313;100336;1425.2;1;9818276877;B
20240313;100337;1425;1;9818277024;S
20240313;100337;1425.2;12;9818277081;B
20240313;100338;1425.2;37;9818277142;B
20240313;100338;1425.2;10;9818277143;B
20240313;100338;1425.4;198;9818277144;B
20240313;100338;1425.4;20;9818277145;B
20240313;100338;1425.6;1;9818277146;B
20240313;100338;1425.6;19;9818277147;B
20240313;100338;1425.6;36;9818277148;B
20240313;100338;1425.8;11;9818277149;B
20240313;100338;1425.8;284;9818277150;B
20240313;100338;1425.8;84;9818277151;B
20240313;100341;1425.4;1;9818277469;B
20240313;100341;1425.6;11;9818277470;B
20240313;100341;1425.6;18;9818277471;B
20240313;100341;1426;4;9818277510;B
20240313;100341;1426;9;9818277552;B
20240313;100343;1425.8;1;9818277740;S
20240313;100343;1425.6;44;9818277741;S
20240313;100343;1425.6;3;9818277767;S
20240313;100343;1426;801;9818277798;B
20240313;100343;1426;2;9818277799;B
20240313;100343;1426;100;9818277800;B
20240313;100343;1426;1;9818277801;B
20240313;100343;1426;6;9818277802;B
20240313;100343;1426;4;9818277803;B
20240313;100344;1426.2;10;9818277950;B
20240313;100344;1426.2;4;9818278024;B
20240313;100345;1426.2;4;9818278060;B
20240313;100345;1426.2;82;9818278109;B
20240313;100345;1426.2;100;9818278110;B
20240313;100345;1426.2;3;9818278111;B
20240313;100345;1426.4;1;9818278112;B
20240313;100345;1426.4;1;9818278113;B
20240313;100345;1426.4;313;9818278114;B
20240313;100345;1426.2;61;9818278127;S
20240313;100345;1426.4;1;9818278136;B
20240313;100345;1426.2;150;9818278188;S
20240313;100347;1426.4;1;9818278470;B
20240313;100347;1426.4;10;9818278480;B
20240313;100347;1426.2;1;9818278542;S
20240313;100347;1426.2;199;9818278582;S
20240313;100347;1426.2;1;9818278583;S
20240313;100349;1426;1;9818278827;S
20240313;100349;1426.4;6;9818278868;B
20240313;100349;1426.4;69;9818278911;B
20240313;100349;1426.4;163;9818278912;B
20240313;100350;1426.4;49;9818278973;B
20240313;100350;1426.4;100;9818278974;B
20240313;100350;1426.6;51;9818278975;B
20240313;100350;1426.2;10;9818278979;S
20240313;100351;1426.2;10;9818279124;S
20240313;100351;1426.2;39;9818279125;S
20240313;100351;1426.2;51;9818279126;S
20240313;100356;1426.4;38;9818279898;B
20240313;100356;1426.4;32;9818279899;B
20240313;100356;1426.4;19;9818279946;B
20240313;100356;1426.6;78;9818279947;B
20240313;100356;1426.6;163;9818279981;B
20240313;100356;1426.6;1;9818279982;B
20240313;100356;1426.6;3;9818279983;B
20240313;100356;1426.6;25;9818279984;B
20240313;100356;1426.6;1;9818279985;B
20240313;100356;1426.6;1;9818279986;B
20240313;100356;1426.6;10;9818279987;B
20240313;100356;1426.6;96;9818279988;B
20240313;100356;1426.4;5;9818280047;S
20240313;100356;1426.4;70;9818280090;S
20240313;100357;1426.6;3;9818280115;B
20240313;100357;1426.6;1;9818280116;B
20240313;100357;1426.6;1;9818280117;B
20240313;100357;1426.4;14;9818280155;S
20240313;100357;1426.4;500;9818280177;B
20240313;100358;1426.4;20;9818280241;B
20240313;100358;1426.4;69;9818280350;B
20240313;100359;1426.4;29;9818280387;B
20240313;100401;1426.4;2;9818280787;B
20240313;100401;1426.4;4;9818280790;B
20240313;100402;1426.4;1;9818280917;B
20240313;100403;1426.2;1;9818281090;S
20240313;100403;1426.2;4;9818281091;S
20240313;100403;1426.4;50;9818281101;B
20240313;100403;1426.2;5;9818281125;S
20240313;100403;1426.4;5;9818281143;B
20240313;100403;1426.4;5;9818281186;B
20240313;100403;1426.2;1;9818281187;S
20240313;100404;1426.4;2;9818281248;B
20240313;100404;1426.2;1;9818281340;S
20240313;100404;1426.4;2;9818281350;B
20240313;100404;1426.4;10;9818281379;B
20240313;100404;1426.4;5;9818281438;B
20240313;100405;1426.2;175;9818281482;S
20240313;100405;1426.4;5;9818281490;B
20240313;100405;1426.2;1;9818281510;S
20240313;100405;1426.2;40;9818281511;S
20240313;100405;1426.2;159;9818281512;S
20240313;100405;1426.4;53;9818281541;B
20240313;100405;1426.4;224;9818281556;B
20240313;100405;1426.4;1;9818281557;B
20240313;100405;1426.6;9;9818281558;B
20240313;100405;1426.6;19;9818281559;B
20240313;100405;1426.6;492;9818281560;B
20240313;100405;1426.6;3;9818281561;B
20240313;100405;1426.6;212;9818281562;B
20240313;100405;1426.6;40;9818281563;B
20240313;100406;1426.4;70;9818281600;B
20240313;100406;1426.6;2;9818281601;B
20240313;100406;1426.4;2;9818281684;B
20240313;100406;1426.6;6;9818281688;B
20240313;100406;1426.6;122;9818281689;B
20240313;100406;1426.8;9;9818281690;B
20240313;100407;1426.4;1;9818282133;S
20240313;100407;1426.4;16;9818282134;S
20240313;100408;1426.6;40;9818282152;B
20240313;100408;1426.8;20;9818282153;B
20240313;100408;1426.8;1508;9818282298;B
20240313;100408;1426.8;2;9818282312;B
20240313;100409;1426.8;500;9818282406;B
20240313;100409;1426.8;500;9818282490;B
20240313;100409;1426.8;7;9818282495;B
20240313;100409;1426.8;2000;9818282573;B
20240313;100410;1426.8;2;9818282638;B
20240313;100410;1426.6;1;9818282722;S
20240313;100410;1426.6;49;9818282723;S
20240313;100411;1426.8;1;9818282907;B
20240313;100411;1426.6;1;9818282948;S
20240313;100412;1426.6;5;9818282964;S
20240313;100412;1426.6;10;9818282975;S
20240313;100412;1426.8;1;9818283016;B
20240313;100413;1426.8;7;9818283147;B
20240313;100413;1426.8;10;9818283202;B
20240313;100413;1426.8;6;9818283217;B
20240313;100413;1426.6;55;9818283261;S
20240313;100413;1426.6;120;9818283262;S
20240313;100413;1426.6;15;9818283263;S
20240313;100413;1426.6;19;9818283264;S
20240313;100414;1426.8;2;9818283302;B
20240313;100414;1426.6;1;9818283377;S
20240313;100414;1426.4;5;9818283378;S
20240313;100415;1426.6;1;9818283453;B
20240313;100415;1426.6;38;9818283459;B
20240313;100415;1426.6;38;9818283509;B
20240313;100415;1426.6;3;9818283510;B
20240313;100415;1426.8;3;9818283548;B
20240313;100415;1426.8;4;9818283559;B
20240313;100415;1426.8;4;9818283588;B
20240313;100415;1426.8;8;9818283649;B
20240313;100415;1426.8;8;9818283657;B
20240313;100416;1426.8;7;9818283704;B
20240313;100416;1426.8;7;9818283738;B
20240313;100416;1426.8;4;9818283856;B
20240313;100416;1426.8;4;9818283881;B
20240313;100416;1426.8;4;9818283889;B
20240313;100416;1426.8;4;9818283912;B
20240313;100417;1426.8;77;9818284029;B
20240313;100417;1426.8;3;9818284071;B
20240313;100417;1426.8;3;9818284077;B
20240313;100417;1426.8;1;9818284115;B
20240313;100418;1426.6;3;9818284191;S
20240313;100419;1426.8;4;9818284309;B
20240313;100419;1426.8;4;9818284326;B
20240313;100419;1426.8;1;9818284343;B
20240313;100419;1426.6;20;9818284389;S
20240313;100420;1426.6;9;9818284519;S
20240313;100420;1426.6;100;9818284564;S
20240313;100420;1426.8;38;9818284568;B
20240313;100420;1426.8;38;9818284572;B
20240313;100420;1426.8;100;9818284709;B
20240313;100420;1426.8;60;9818284730;B
20240313;100420;1426.8;10;9818284811;B
20240313;100421;1426.8;1;9818284838;B
20240313;100421;1426.8;3;9818284891;B
20240313;100421;1426.8;8;9818284898;B
20240313;100421;1426.8;5;9818284929;B
20240313;100422;1426.8;20;9818285081;B
20240313;100423;1426.6;1;9818285162;S
20240313;100424;1426.8;290;9818285294;B
20240313;100425;1426.8;1;9818285398;B
20240313;100425;1426.8;600;9818285412;B
20240313;100425;1426.8;40;9818285414;B
20240313;100425;1426.6;231;9818285467;S
20240313;100425;1426.6;1;9818285479;S
20240313;100425;1426.6;2;9818285546;S
20240313;100426;1426.6;50;9818285553;S
20240313;100426;1426.6;1;9818285631;S
20240313;100427;1426.6;1;9818285687;S
20240313;100428;1426.6;5;9818285790;S
20240313;100428;1426.6;6;9818285800;S
20240313;100428;1426.8;13;9818285851;B
20240313;100428;1426.8;2;9818285879;B
20240313;100428;1426.8;5;9818285880;B
20240313;100428;1426.6;1;9818285884;S
20240313;100430;1426.6;2;9818286137;S
20240313;100430;1426.8;3;9818286294;B
20240313;100431;1426.8;1;9818286389;B
20240313;100432;1426.6;25;9818286531;S
20240313;100433;1426.8;18;9818286707;B
20240313;100434;1426.6;10;9818286810;S
20240313;100434;1426.6;1;9818286855;S
20240313;100435;1426.8;3;9818286872;B
20240313;100437;1426.6;5;9818287249;S
20240313;100438;1426.8;80;9818287321;B
20240313;100438;1426.8;1;9818287414;B
20240313;100439;1426.6;10;9818287448;S
20240313;100439;1426.6;12;9818287489;S
20240313;100439;1426.8;8;9818287541;B
20240313;100440;1426.8;20;9818287614;B
20240313;100440;1426.6;4;9818287666;S
20240313;100440;1426.6;14;9818287667;S
20240313;100440;1426.6;2;9818287668;S
20240313;100440;1426.6;7;9818287669;S
20240313;100440;1426.6;1;9818287744;S
20240313;100441;1426.6;4;9818287850;S
20240313;100442;1426.6;3;9818287992;S
20240313;100442;1426.6;8;9818287993;S
20240313;100443;1426.8;9;9818288021;B
20240313;100443;1426.8;58;9818288056;B
20240313;100443;1426.8;8;9818288057;B
20240313;100443;1426.8;10;9818288058;B
20240313;100443;1426.8;5;9818288059;B
20240313;100443;1426.8;1;9818288060;B
20240313;100443;1426.8;1;9818288061;B
20240313;100443;1426.8;2;9818288062;B
20240313;100443;1426.8;21;9818288063;B
20240313;100443;1426.8;11;9818288064;B
20240313;100443;1426.8;233;9818288065;B
20240313;100443;1426.8;5;9818288068;B
20240313;100443;1426.6;10;9818288109;S
20240313;100444;1426.6;7;9818288118;S
20240313;100444;1426.6;10;9818288144;S
20240313;100444;1426.8;4;9818288253;B
20240313;100444;1426.8;4;9818288263;B
20240313;100445;1426.8;96;9818288313;B
20240313;100446;1426.6;15;9818288416;S
20240313;100446;1426.6;5;9818288417;S
20240313;100446;1426.8;5;9818288638;B
20240313;100447;1426.6;24;9818288655;S
20240313;100448;1426.8;5;9818288844;B
20240313;100448;1426.6;1;9818288875;S
20240313;100448;1426.8;1;9818289014;B
20240313;100450;1426.8;30;9818289245;B
20240313;100450;1426.8;1;9818289272;B
20240313;100451;1426.8;2;9818289310;B
20240313;100451;1426.6;11;9818289316;S
20240313;100451;1426.6;59;9818289397;S
20240313;100451;1426.6;2;9818289398;S
20240313;100451;1426.6;59;9818289399;S
20240313;100452;1426.6;12;9818289412;S
20240313;100452;1426.8;33;9818289455;B
20240313;100452;1426.8;81;9818289460;B
20240313;100452;1426.8;1;9818289461;B
20240313;100452;1426.8;11;9818289462;B
20240313;100453;1426.8;3;9818289575;B
20240313;100454;1426.6;1;9818289643;S
20240313;100454;1426.8;1;9818289669;B
20240313;100454;1426.8;5;9818289722;B
20240313;100454;1426.8;4;9818289723;B
20240313;100454;1426.8;1;9818289724;B
20240313;100454;1426.8;70;9818289725;B
20240313;100454;1426.8;16;9818289729;B
20240313;100455;1426.8;3;9818289809;B
20240313;100455;1426.8;1;9818289811;B
20240313;100456;1426.8;10;9818289881;B
20240313;100456;1426.8;50;9818289882;B
20240313;100456;1426.8;70;9818289913;B
20240313;100456;1426.6;16;9818289932;S
20240313;100456;1426.8;3;9818289954;B
20240313;100456;1426.6;7;9818290003;S
20240313;100457;1426.6;5;9818290010;S
20240313;100457;1426.6;1;9818290011;S
20240313;100457;1426.6;50;9818290012;S
20240313;100457;1426.6;2;9818290013;S
20240313;100457;1426.6;212;9818290014;S
20240313;100457;1426.4;100;9818290015;S
20240313;100457;1426.4;50;9818290016;S
20240313;100457;1426.4;198;9818290017;S
20240313;100457;1426.4;213;9818290018;S
20240313;100457;1426.2;12;9818290019;S
20240313;100457;1426.2;11;9818290020;S
20240313;100457;1426.2;500;9818290021;S
20240313;100457;1426.2;100;9818290022;S
20240313;100457;1426.2;56;9818290023;S
20240313;100457;1426;85;9818290024;S
20240313;100457;1426;1000;9818290025;S
20240313;100457;1426;1706;9818290026;S
20240313;100457;1426;70;9818290027;S
20240313;100457;1426;7;9818290028;S
20240313;100457;1426;50;9818290029;S
20240313;100457;1426;4;9818290030;S
20240313;100457;1426;957;9818290031;S
20240313;100457;1426;56;9818290032;S
20240313;100457;1426;120;9818290033;S
20240313;100457;1426;34;9818290034;B
20240313;100457;1426;30;9818290152;B
20240313;100458;1426;1;9818290237;B
20240313;100458;1426;1332;9818290281;B
20240313;100458;1426;25;9818290282;B
20240313;100459;1425.6;2;9818290347;S
20240313;100459;1426;2;9818290390;B
20240313;100459;1426;204;9818290412;B
20240313;100459;1425.8;212;9818290493;S
20240313;100459;1425.8;4;9818290494;S
20240313;100459;1425.6;98;9818290495;S
20240313;100459;1425.6;43;9818290496;S
20240313;100459;1425.4;30;9818290497;S
20240313;100500;1425.4;40;9818290633;S
20240313;100500;1425.2;140;9818290634;S
20240313;100500;1425.2;11;9818290635;S
20240313;100500;1425;879;9818290636;S
20240313;100500;1425;6;9818290637;S
20240313;100500;1425;2;9818290638;S
20240313;100500;1425;9;9818290639;S
20240313;100500;1425;13;9818290640;S
20240313;100500;1425;30;9818290641;S
20240313;100500;1425;105;9818290642;S
20240313;100500;1425;10;9818290643;S
20240313;100500;1425;10;9818290644;S
20240313;100500;1425;10;9818290645;S
20240313;100500;1425;200;9818290646;S
20240313;100500;1425;4;9818290647;S
20240313;100500;1425;2;9818290648;S
20240313;100500;1425;529;9818290649;S
20240313;100500;1425;10;9818290654;S
20240313;100500;1425;40;9818290655;S
20240313;100500;1425;2;9818290665;S
20240313;100500;1425;16;9818290666;S
20240313;100500;1425;25;9818290682;S
20240313;100501;1425;10;9818290795;S
20240313;100501;1425.2;28;9818290807;B
20240313;100502;1425;30;9818290892;S
20240313;100502;1425.2;20;9818290901;B
20240313;100502;1425.2;5;9818290902;B
20240313;100502;1425;9;9818290932;S
20240313;100502;1425.2;2;9818290983;B
20240313;100503;1425;40;9818290996;S
20240313;100503;1425;18;9818291006;S
20240313;100503;1425.4;40;9818291032;B
20240313;100503;1425;10;9818291081;S
20240313;100503;1425;5;9818291082;S
20240313;100503;1425.2;13;9818291108;B
20240313;100504;1425.4;40;9818291161;B
20240313;100504;1425.4;1;9818291183;B
20240313;100505;1425.4;40;9818291310;B
20240313;100505;1425.4;13;9818291362;B
20240313;100507;1425.2;1;9818291652;B
20240313;100508;1425.2;14;9818291770;B
20240313;100508;1425.2;1;9818291802;B
20240313;100508;1425;5;9818291833;S
20240313;100508;1425;5;9818291834;S
20240313;100508;1425;5;9818291852;S
20240313;100508;1425;34;9818291853;S
20240313;100508;1425;8;9818291854;S
20240313;100508;1425;4;9818291855;S
20240313;100510;1425;1;9818292021;S
20240313;100510;1425.2;2;9818292084;B
20240313;100510;1425;20;9818292120;S
20240313;100510;1424.8;13;9818292121;S
20240313;100510;1424.6;4;9818292122;S
20240313;100510;1425;1;9818292124;B
20240313;100511;1424.8;40;9818292297;S
20240313;100511;1425;19;9818292311;B
20240313;100511;1425;212;9818292312;B
20240313;100511;1425.2;19;9818292313;B
20240313;100512;1424.8;1;9818292520;S
20240313;100513;1424.8;20;9818292571;S
20240313;100513;1425;1;9818292597;B
20240313;100513;1424.8;2;9818292613;S
20240313;100514;1424.8;10;9818292766;S
20240313;100514;1425;3;9818292801;B
20240313;100515;1425;5;9818292872;B
20240313;100516;1424.8;2;9818292995;B
20240313;100516;1424.6;3;9818293027;S
20240313;100516;1424.8;8;9818293088;B
20240313;100516;1425;12;9818293089;B
20240313;100517;1425;1;9818293095;B
20240313;100517;1424.6;11;9818293097;S
20240313;100517;1424.4;24;9818293098;S
20240313;100519;1424.6;25;9818293484;S
20240313;100519;1424.4;32;9818293485;S
20240313;100519;1424.4;20;9818293486;S
20240313;100519;1424.4;140;9818293487;S
20240313;100519;1424.4;47;9818293488;S
20240313;100520;1424.4;91;9818293609;S
20240313;100520;1425;9;9818293652;B
20240313;100522;1424.6;6;9818293932;B
20240313;100524;1424.2;3;9818294140;S
20240313;100524;1424.2;17;9818294159;S
20240313;100524;1424.2;1000;9818294160;S
20240313;100524;1424.2;50;9818294161;S
20240313;100524;1424;47;9818294162;S
20240313;100524;1424;4;9818294163;S
20240313;100524;1424;1;9818294164;S
20240313;100524;1424;1;9818294165;S
20240313;100524;1424;7;9818294166;S
20240313;100524;1424;4;9818294167;S
20240313;100524;1424;5;9818294168;S
20240313;100524;1424;7;9818294169;S
20240313;100524;1424;2;9818294170;S
20240313;100524;1424;2;9818294171;S
20240313;100524;1424;56;9818294172;S
20240313;100524;1424;500;9818294173;S
20240313;100524;1424;2;9818294174;S
20240313;100524;1424;50;9818294175;S
20240313;100524;1423.8;218;9818294176;S
20240313;100524;1423.8;181;9818294177;S
20240313;100524;1423.8;100;9818294178;S
20240313;100524;1423.8;56;9818294179;S
20240313;100524;1423.8;70;9818294180;S
20240313;100524;1423.8;20;9818294181;S
20240313;100524;1423.6;1;9818294182;S
20240313;100524;1423.6;1;9818294183;S
20240313;100524;1423.6;1;9818294184;S
20240313;100524;1423.6;500;9818294185;S
20240313;100524;1423.6;56;9818294186;S
20240313;100524;1423.4;140;9818294187;S
20240313;100524;1423.2;8;9818294188;S
20240313;100524;1423.2;1;9818294189;S
20240313;100524;1423.2;2;9818294190;S
20240313;100524;1423.2;11;9818294191;S
20240313;100524;1423.2;30;9818294192;S
20240313;100524;1423;1;9818294193;S
20240313;100524;1423;12;9818294194;S
20240313;100524;1423;4;9818294195;S
20240313;100524;1423;70;9818294196;S
20240313;100524;1422.8;60;9818294197;S
20240313;100524;1422.8;25;9818294198;S
20240313;100524;1422.8;70;9818294199;S
20240313;100524;1422.8;123;9818294200;S
20240313;100524;1422.6;992;9818294201;S
20240313;100524;1422.6;50;9818294202;S
20240313;100524;1422.6;5;9818294203;S
20240313;100524;1422.6;52;9818294204;S
20240313;100524;1422.4;385;9818294205;S
20240313;100524;1422.8;8;9818294234;S
20240313;100524;1422.8;1;9818294285;S
20240313;100524;1422.8;25;9818294317;S
20240313;100525;1422.8;28;9818294330;S
20240313;100525;1422.4;22;9818294331;S
20240313;100525;1422.4;20;9818294333;S
20240313;100525;1422.4;3;9818294370;S
20240313;100525;1423.2;11;9818294375;B
20240313;100525;1423.2;9;9818294376;B
20240313;100525;1423;2;9818294395;B
20240313;100525;1422.2;1;9818294474;S
20240313;100525;1422.2;24;9818294475;S
20240313;100526;1422.2;25;9818294553;S
20240313;100526;1422.2;1;9818294576;S
20240313;100527;1422.2;6;9818294704;B
20240313;100527;1422;11;9818294721;S
20240313;100527;1422;2;9818294722;S
20240313;100527;1422;12;9818294723;S
20240313;100527;1422.2;1;9818294790;B
20240313;100528;1422;5;9818294936;S
20240313;100528;1422;5;9818294937;S
20240313;100528;1422.2;17;9818294969;B
20240313;100528;1422.8;20;9818294970;B
20240313;100528;1422.8;30;9818294971;B
20240313;100534;1422.2;2;9818295837;S
20240313;100534;1422.2;3;9818295855;S
20240313;100534;1422.2;23;9818295856;S
20240313;100535;1422.2;1;9818295969;S
20240313;100535;1422.2;45;9818295992;S
20240313;100536;1422.2;71;9818296201;S
20240313;100536;1422.2;5;9818296202;S
20240313;100536;1422.2;48;9818296203;S
20240313;100536;1422;176;9818296204;S
20240313;100536;1422.2;140;9818296217;S
20240313;100536;1422;158;9818296218;S
20240313;100537;1422.6;4;9818296281;B
20240313;100537;1422.2;2;9818296319;B
20240313;100537;1422.2;10;9818296349;B
20240313;100538;1422;1;9818296389;S
20240313;100538;1422.2;35;9818296406;B
20240313;100538;1422;10;9818296478;S
20240313;100539;1422;25;9818296551;S
20240313;100539;1422.2;34;9818296564;B
20240313;100539;1422.2;25;9818296565;B
20240313;100539;1422.2;48;9818296566;B
20240313;100539;1422.2;25;9818296567;B
20240313;100539;1422.4;240;9818296568;B
20240313;100539;1422.6;25;9818296569;B
20240313;100539;1422.6;20;9818296570;B
20240313;100539;1422.6;25;9818296571;B
20240313;100539;1422.8;30;9818296572;B
20240313;100539;1422.8;25;9818296573;B
20240313;100539;1422.8;3;9818296574;B
20240313;100539;1422.8;10;9818296631;B
20240313;100541;1422.2;25;9818296816;S
20240313;100541;1422.2;125;9818296817;S
20240313;100543;1422.8;12;9818296969;B
20240313;100543;1422.8;1;9818296970;B
20240313;100543;1423;8;9818296971;B
20240313;100545;1423;1;9818297189;B
20240313;100545;1423;3;9818297190;B
20240313;100545;1422.2;375;9818297192;S
20240313;100545;1422.2;5;9818297193;S
20240313;100545;1422;11;9818297194;S
20240313;100545;1422;3;9818297195;S
20240313;100545;1422;1;9818297196;S
20240313;100545;1422;20;9818297197;S
20240313;100545;1422;1;9818297198;S
20240313;100545;1421.8;56;9818297199;S
20240313;100545;1421.8;194;9818297200;S
20240313;100545;1422.8;3;9818297208;B
20240313;100545;1421.8;2;9818297242;S
20240313;100545;1422.6;71;9818297275;S
20240313;100545;1421.8;4;9818297286;S
20240313;100545;1421.8;1;9818297287;S
20240313;100546;1421.8;1;9818297427;S
20240313;100549;1422.6;1;9818297825;B
20240313;100550;1422.6;4;9818297948;B
20240313;100551;1422.6;1;9818297977;B
20240313;100551;1422.6;1;9818298037;B
20240313;100552;1422.6;1;9818298216;B
20240313;100553;1422.6;17;9818298312;B
20240313;100553;1422.6;47;9818298313;B
20240313;100553;1422.8;8;9818298314;B
20240313;100553;1422.8;128;9818298315;B
20240313;100554;1422.2;1;9818298362;S
20240313;100558;1422.6;1;9818298825;B
20240313;100558;1422.6;1;9818298869;B
20240313;100558;1422.8;20;9818298871;B
20240313;100559;1422.8;1;9818298910;B
20240313;100559;1422.6;4;9818298941;S
20240313;100559;1422.4;1;9818298942;S
20240313;100600;1422.2;25;9818299027;S
20240313;100600;1422.8;1;9818299140;B
20240313;100600;1422.2;25;9818299170;S
20240313;100601;1422.4;1;9818299275;S
20240313;100601;1422.4;1;9818299276;S
20240313;100601;1422.2;23;9818299277;S
20240313;100602;1422.8;78;9818299340;B
20240313;100602;1423;47;9818299341;B
20240313;100602;1423;56;9818299342;B
20240313;100602;1423;19;9818299343;B
20240313;100602;1422.2;25;9818299379;S
20240313;100602;1422.2;2;9818299384;S
20240313;100603;1422.2;25;9818299536;S
20240313;100603;1422.2;2;9818299553;S
20240313;100603;1422.2;1;9818299554;S
20240313;100603;1422.2;9;9818299579;S
20240313;100603;1422.2;46;9818299580;S
20240313;100603;1422.2;31;9818299581;S
20240313;100603;1422.2;20;9818299582;S
20240313;100603;1422.2;11;9818299583;S
20240313;100603;1422;100;9818299584;S
20240313;100603;1422;500;9818299585;S
20240313;100603;1422;1;9818299586;S
20240313;100603;1422;1;9818299587;S
20240313;100603;1421.8;3;9818299662;S
20240313;100603;1421.8;1;9818299663;S
20240313;100603;1421.6;1;9818299690;S
20240313;100603;1421.6;2;9818299691;S
20240313;100604;1421.8;2;9818299697;B
20240313;100604;1421.6;25;9818299750;S
20240313;100604;1421.8;5;9818299758;B
20240313;100604;1421.8;1;9818299801;B
20240313;100604;1421.6;20;9818299817;S
20240313;100605;1421.8;13;9818299922;B
20240313;100605;1421.8;20;9818299923;B
20240313;100605;1422;2;9818299924;B
20240313;100606;1422;30;9818300058;B
20240313;100607;1422;749;9818300209;B
20240313;100607;1422;20;9818300210;B
20240313;100607;1422.2;46;9818300211;B
20240313;100607;1422.4;11;9818300212;B
20240313;100607;1422.8;56;9818300213;B
20240313;100607;1423;56;9818300214;B
20240313;100607;1423;20;9818300215;B
20240313;100607;1423;42;9818300216;B
20240313;100611;1422.6;8;9818300867;S
20240313;100612;1423;1;9818301074;B
20240313;100613;1423;1;9818301183;B
20240313;100613;1423.2;9;9818301184;B
20240313;100614;1423.4;29;9818301278;B
20240313;100617;1422.6;10;9818301762;S
20240313;100619;1423.4;2;9818302065;B
20240313;100622;1423.4;2;9818302354;B
20240313;100622;1423.4;2;9818302417;B
20240313;100624;1423;17;9818302639;S
20240313;100627;1423.4;4;9818303418;B
20240313;100627;1423.4;26;9818303486;B
20240313;100627;1423.4;10;9818303533;B
20240313;100627;1423.4;15;9818303644;B
20240313;100627;1423.4;11;9818303676;B
20240313;100628;1423.4;7;9818303776;B
20240313;100629;1423.4;8;9818303963;B
20240313;100629;1423;13;9818304064;S
20240313;100629;1423.4;15;9818304065;B
20240313;100629;1423.4;25;9818304066;B
20240313;100630;1423.8;3;9818304106;B
20240313;100630;1423.8;38;9818304107;B
20240313;100630;1423.8;1;9818304158;B
20240313;100631;1423.8;10;9818304296;B
20240313;100632;1423.6;1;9818304519;S
20240313;100633;1423.6;7;9818304659;S
20240313;100633;1423.8;25;9818304687;B
20240313;100634;1423.8;20;9818304826;B
20240313;100635;1423.8;5;9818304994;B
20240313;100636;1423.6;5;9818305130;S
20240313;100637;1424;11;9818305187;B
20240313;100641;1424;1;9818305870;S
20240313;100641;1424;2;9818305930;S
20240313;100641;1424;2;9818305950;S
20240313;100641;1424;5;9818305951;S
20240313;100641;1424;5;9818305952;S
20240313;100641;1423.8;11;9818305953;S
20240313;100641;1423.8;2;9818305954;S
20240313;100641;1424.2;1;9818305955;B
20240313;100641;1423.8;3;9818305956;S
20240313;100641;1423.8;1;9818305957;S
20240313;100641;1423.6;2;9818305958;S
20240313;100642;1423.6;7;9818306010;S
20240313;100643;1423.8;65;9818306068;B
20240313;100643;1423.8;2;9818306105;B
20240313;100643;1423.8;1;9818306222;B
20240313;100644;1423.8;25;9818306288;B
20240313;100644;1423.8;1;9818306290;B
20240313;100644;1423.8;15;9818306343;B
20240313;100645;1423.8;16;9818306398;B
20240313;100645;1423.6;8;9818306453;S
20240313;100648;1423.8;4;9818306790;B
20240313;100650;1423.6;30;9818307161;S
20240313;100650;1423.8;1;9818307168;B
20240313;100656;1423.8;50;9818307869;B
20240313;100656;1423.8;1;9818307909;B
20240313;100659;1423.8;19;9818308258;B
20240313;100659;1423.8;1;9818308259;B
20240313;100659;1423.8;10;9818308316;B
20240313;100659;1423.6;1;9818308401;S
20240313;100700;1423.8;1;9818308433;B
20240313;100701;1423.8;2;9818308636;B
20240313;100701;1423.8;60;9818308637;B
20240313;100701;1423.6;1;9818308670;S
20240313;100703;1423.8;5;9818308898;B
20240313;100703;1423.8;1;9818308960;B
20240313;100704;1423.8;50;9818308968;B
20240313;100704;1423.6;20;9818308972;S
20240313;100704;1423.8;1;9818308978;B
20240313;100704;1423.8;20;9818309002;B
20240313;100704;1423.8;1;9818309065;B
20240313;100705;1423.8;2;9818309192;B
20240313;100705;1423.8;40;9818309215;B
20240313;100708;1423.8;13;9818309456;B
20240313;100709;1423.8;10;9818309541;B
20240313;100709;1423.6;4;9818309594;S
20240313;100709;1423.8;12;9818309623;B
20240313;100709;1423.8;7;9818309624;B
20240313;100709;1423.8;19;9818309650;B
20240313;100710;1423.6;13;9818309726;S
20240313;100711;1423.8;1;9818309798;B
20240313;100711;1423.6;10;9818309867;S
20240313;100713;1423.8;73;9818310159;B
20240313;100713;1423.8;25;9818310160;B
20240313;100713;1424;2;9818310199;B
20240313;100716;1424;1;9818310519;B
20240313;100716;1423.8;6;9818310520;S
20240313;100716;1423.8;1;9818310521;S
20240313;100716;1423.8;2;9818310626;S
20240313;100717;1424;1;9818310691;B
20240313;100717;1424;5;9818310748;B
20240313;100718;1423.8;17;9818310862;S
20240313;100718;1423.8;45;9818310863;S
20240313;100718;1423.8;212;9818310864;S
20240313;100718;1423.8;1;9818310865;S
20240313;100718;1423.8;73;9818310866;S
20240313;100718;1423.6;300;9818310867;S
20240313;100718;1423.6;7;9818310868;S
20240313;100718;1423.6;3;9818310869;S
20240313;100718;1423.4;295;9818310870;S
20240313;100718;1423.4;11;9818310871;S
20240313;100718;1423;56;9818310872;S
20240313;100718;1423;25;9818310873;S
20240313;100718;1423;234;9818310874;S
20240313;100718;1422.8;56;9818310875;S
20240313;100718;1422.6;56;9818310876;S
20240313;100718;1422.6;5;9818310877;S
20240313;100718;1422.6;1;9818310878;S
20240313;100718;1422.6;21;9818310879;S
20240313;100718;1422.6;100;9818310880;S
20240313;100718;1422.4;70;9818310881;S
20240313;100718;1422.4;25;9818310882;S
20240313;100718;1422.4;15;9818310883;S
20240313;100718;1422.2;239;9818310884;S
20240313;100718;1422.2;11;9818310885;S
20240313;100718;1422.2;1;9818310886;S
20240313;100718;1422.2;140;9818310887;S
20240313;100718;1422.2;6;9818310888;S
20240313;100718;1422;800;9818310889;S
20240313;100718;1422;3;9818310890;S
20240313;100718;1422;6000;9818310891;S
20240313;100718;1422;1;9818310892;S
20240313;100718;1422;700;9818310893;S
20240313;100718;1422;471;9818310894;S
20240313;100719;1422.6;10;9818311062;B
20240313;100722;1422.6;56;9818311569;B
20240313;100722;1422.6;118;9818311570;B
20240313;100723;1422.2;100;9818311724;S
20240313;100723;1422.6;2;9818311750;B
20240313;100728;1422.6;3;9818312442;B
20240313;100729;1422.4;5;9818312487;S
20240313;100730;1422.6;3;9818312622;B
20240313;100730;1422.6;48;9818312676;B
20240313;100730;1422.6;32;9818312677;B
20240313;100730;1422.6;200;9818312678;B
20240313;100731;1422.4;2;9818312789;S
20240313;100731;1422.2;8;9818312790;S
20240313;100731;1422.4;1;9818312911;S
20240313;100734;1422.6;3;9818313245;B
20240313;100734;1422.6;1;9818313314;B
20240313;100734;1422.4;3;9818313341;S
20240313;100734;1422.4;10;9818313365;S
20240313;100734;1422.6;100;9818313369;B
20240313;100734;1422.6;1;9818313373;B
20240313;100735;1422.6;3;9818313438;B
20240313;100736;1422.4;1;9818313550;S
20240313;100736;1422.4;1;9818313561;S
20240313;100737;1422.4;25;9818313596;S
20240313;100737;1422.6;4;9818313629;B
20240313;100737;1422.6;6;9818313630;B
20240313;100737;1422.4;25;9818313723;S
20240313;100738;1422.4;25;9818313833;S
20240313;100738;1422.6;19;9818313852;B
20240313;100738;1422.6;3;9818313853;B
20240313;100739;1422.4;25;9818314040;S
20240313;100740;1422.6;1;9818314068;B
20240313;100740;1422.6;7;9818314151;B
20240313;100740;1422.6;7;9818314158;B
20240313;100740;1422.4;20;9818314186;S
20240313;100740;1422.4;5;9818314187;S
20240313;100740;1422.6;8;9818314214;B
20240313;100740;1422.6;8;9818314216;B
20240313;100740;1422.6;7;9818314230;B
20240313;100740;1422.6;7;9818314248;B
20240313;100740;1422.4;5;9818314253;S
20240313;100740;1422.4;24;9818314254;S
20240313;100740;1422.6;8;9818314266;B
20240313;100740;1422.6;3;9818314275;B
20240313;100740;1422.6;5;9818314276;B
20240313;100741;1422.6;7;9818314309;B
20240313;100741;1422.6;7;9818314326;B
20240313;100741;1422.6;3;9818314356;B
20240313;100741;1422.4;151;9818314417;S
20240313;100741;1422.6;3;9818314421;B
20240313;100742;1422.6;36;9818314519;B
20240313;100742;1422.8;2;9818314561;B
20240313;100745;1422.6;10;9818314933;S
20240313;100745;1422.8;53;9818314992;B
20240313;100745;1422.6;49;9818315007;S
20240313;100745;1422.6;1;9818315008;S
20240313;100745;1422.4;20;9818315009;S
20240313;100745;1422.4;212;9818315010;S
20240313;100745;1422.4;14;9818315011;S
20240313;100746;1422.8;2;9818315157;B
20240313;100747;1422.8;80;9818315210;B
20240313;100747;1422.4;6;9818315315;S
20240313;100747;1422.4;157;9818315316;S
20240313;100748;1422.2;1;9818315409;S
20240313;100750;1422.6;7;9818315581;B
20240313;100750;1422.2;6;9818315672;S
20240313;100750;1422.2;19;9818315673;S
20240313;100751;1422.2;25;9818315821;S
20240313;100751;1422.6;10;9818315900;B
20240313;100752;1422.2;19;9818316039;S
20240313;100753;1422.2;25;9818316109;S
20240313;100758;1422.2;20;9818316684;S
20240313;100759;1422.6;1;9818316742;B
20240313;100759;1422.2;10;9818316752;S
20240313;100801;1422.6;5;9818317035;B
20240313;100805;1422.6;57;9818317456;B
20240313;100805;1422.6;15;9818317457;B
20240313;100805;1422.2;4;9818317502;S
20240313;100805;1422.2;3;9818317503;S
20240313;100805;1422.2;1;9818317504;S
20240313;100805;1422.2;1;9818317505;S
20240313;100805;1422.2;1;9818317506;S
20240313;100805;1422.2;4;9818317507;S
20240313;100805;1422.2;1;9818317508;S
20240313;100807;1422.6;2;9818317760;B
20240313;100808;1422.4;212;9818317926;S
20240313;100808;1422.2;7;9818317927;S
20240313;100808;1422.2;181;9818317928;S
20240313;100810;1422.6;8;9818318201;B
20240313;100810;1422.6;8;9818318202;B
20240313;100810;1422.6;43;9818318203;B
20240313;100810;1422.6;20;9818318204;B
20240313;100810;1422.6;40;9818318228;S
20240313;100811;1422.6;2;9818318325;S
20240313;100811;1422.8;1;9818318358;B
20240313;100811;1422.8;4;9818318359;B
20240313;100814;1422.8;1;9818318717;B
20240313;100814;1422.8;135;9818318768;B
20240313;100814;1422.8;43;9818318769;B
20240313;100814;1423;56;9818318770;B
20240313;100814;1423;11;9818318771;B
20240313;100814;1423;9;9818318772;B
20240313;100814;1423;20;9818318773;B
20240313;100814;1423.2;26;9818318774;B
20240313;100815;1422.8;10;9818318821;S
20240313;100815;1422.8;202;9818318973;S
20240313;100816;1422.6;2;9818319006;S
20240313;100816;1422.6;10;9818319018;S
20240313;100816;1422.6;100;9818319062;S
20240313;100816;1422.6;67;9818319064;S
20240313;100816;1422.8;3;9818319074;B
20240313;100816;1422.8;4;9818319110;B
20240313;100817;1422.8;2;9818319278;B
20240313;100819;1422.8;1;9818319634;B
20240313;100822;1422.2;2;9818320047;S
20240313;100822;1422.2;317;9818320095;S
20240313;100822;1422.2;1;9818320096;S
20240313;100822;1422;1;9818320097;S
20240313;100822;1422;5;9818320098;S
20240313;100822;1422;1;9818320099;S
20240313;100822;1422;100;9818320100;S
20240313;100822;1422;1;9818320101;S
20240313;100822;1422;20;9818320102;S
20240313;100822;1422;42;9818320103;S
20240313;100822;1422;11;9818320104;S
20240313;100822;1422;50;9818320105;S
20240313;100822;1421.8;100;9818320106;S
20240313;100822;1421.8;3;9818320107;S
20240313;100822;1422.4;9;9818320136;B
20240313;100823;1422;50;9818320188;S
20240313;100823;1421.8;2;9818320189;S
20240313;100823;1421.8;56;9818320190;S
20240313;100823;1421.6;20;9818320191;S
20240313;100823;1421.6;47;9818320192;S
20240313;100825;1422.4;2;9818320454;B
20240313;100825;1422.4;5;9818320455;B
20240313;100826;1422.6;2;9818320537;B
20240313;100827;1422.6;25;9818320738;B
20240313;100828;1422.6;3;9818320794;B
20240313;100831;1422.6;7;9818321091;B
20240313;100832;1422.4;29;9818321209;S
20240313;100832;1422.4;2;9818321210;S
20240313;100832;1422.2;100;9818321211;S
20240313;100832;1422.2;32;9818321212;S
20240313;100832;1422.2;41;9818321213;S
20240313;100832;1422;9;9818321214;S
20240313;100832;1422;100;9818321266;B
20240313;100833;1422;1;9818321340;B
20240313;100834;1422;1;9818321394;B
20240313;100834;1422;1;9818321442;B
20240313;100837;1422;1;9818321792;B
20240313;100838;1422;1;9818321967;B
20240313;100840;1422;57;9818322248;B
20240313;100841;1422;10;9818322315;B
20240313;100842;1422;10;9818322434;B
20240313;100842;1422;10;9818322458;B
20240313;100842;1422;10;9818322478;B
20240313;100842;1422;10;9818322490;B
20240313;100842;1422;10;9818322508;B
20240313;100842;1422;10;9818322525;B
20240313;100843;1421.6;2;9818322533;S
20240313;100843;1422;10;9818322545;B
20240313;100843;1422;9;9818322558;B
20240313;100844;1421.6;4;9818322697;S
20240313;100845;1422;21;9818322880;B
20240313;100846;1422;2;9818322995;B
20240313;100846;1421.6;208;9818323077;S
20240313;100846;1421.6;41;9818323078;S
20240313;100846;1421.6;1;9818323079;S
20240313;100846;1421.4;15;9818323080;S
20240313;100846;1421.4;100;9818323081;S
20240313;100846;1421.4;56;9818323082;S
20240313;100846;1421.4;11;9818323083;S
20240313;100846;1421.4;20;9818323084;S
20240313;100846;1421.2;37;9818323085;S
20240313;100846;1421.2;1;9818323086;S
20240313;100846;1421.2;56;9818323087;S
20240313;100846;1421.2;8;9818323088;S
20240313;100846;1421;25;9818323089;S
20240313;100846;1421;3;9818323090;S
20240313;100846;1421;15;9818323091;S
20240313;100846;1421;4;9818323092;S
20240313;100846;1421;1;9818323093;S
20240313;100846;1421;7;9818323094;S
20240313;100846;1421;50;9818323095;S
20240313;100846;1421;1;9818323096;S
20240313;100846;1421;25;9818323097;S
20240313;100846;1421;25;9818323098;S
20240313;100846;1421;56;9818323099;S
20240313;100846;1421;50;9818323100;S
20240313;100846;1421;654;9818323101;S
20240313;100846;1421.2;71;9818323137;S
20240313;100846;1421.6;4;9818323146;B
20240313;100847;1421.2;5;9818323217;S
20240313;100847;1421.2;50;9818323238;S
20240313;100847;1421.6;10;9818323257;B
20240313;100849;1421.6;6;9818323477;B
20240313;100849;1421.8;11;9818323478;B
20240313;100849;1421.8;1;9818323495;B
20240313;100849;1421.8;1;9818323528;B
20240313;100849;1421.8;2;9818323629;B
20240313;100849;1421.8;10;9818323650;B
20240313;100854;1421.8;6;9818324273;B
20240313;100854;1421.8;4;9818324274;B
20240313;100854;1421.6;8;9818324288;B
20240313;100854;1421.2;2;9818324323;S
20240313;100854;1421.2;3;9818324324;S
20240313;100857;1421.6;1;9818324741;B
20240313;100857;1421.6;1;9818324781;B
20240313;100857;1421.6;1;9818324813;B
20240313;100857;1421.6;5;9818324870;B
20240313;100858;1421.2;209;9818324879;S
20240313;100858;1421.2;40;9818324880;S
20240313;100858;1421.2;4;9818324881;S
20240313;100858;1421;7;9818324882;S
20240313;100859;1421.2;4;9818325119;S
20240313;100859;1421;127;9818325120;S
20240313;100859;1421;1;9818325121;S
20240313;100859;1421;11;9818325122;S
20240313;100859;1421;1;9818325123;S
20240313;100859;1421;35;9818325124;S
20240313;100859;1421;121;9818325125;S
20240313;100859;1421.4;10;9818325162;B
20240313;100911;1421.6;1;9818327219;B
20240313;100913;1421.2;2;9818327393;S
20240313;100913;1421.2;212;9818327394;S
20240313;100913;1421.2;40;9818327395;S
20240313;100915;1421.2;8;9818327668;B
20240313;100915;1421.2;38;9818327680;B
20240313;100915;1421.4;40;9818327681;B
20240313;100915;1421.6;10;9818327682;B
20240313;100915;1421.6;12;9818327683;B
20240313;100918;1421.6;2;9818328179;B
20240313;100919;1421.6;1;9818328267;B
20240313;100919;1421.6;5;9818328304;B
20240313;100920;1421.8;1;9818328338;B
20240313;100921;1421.8;1;9818328475;B
20240313;100921;1421.8;10;9818328559;B
20240313;100923;1421.6;1;9818328814;S
20240313;100924;1421.6;2;9818328922;S
20240313;100924;1421.6;1;9818328923;S
20240313;100924;1421.4;1;9818328924;S
20240313;100924;1421.4;40;9818328925;S
20240313;100924;1421.4;1;9818328926;S
20240313;100924;1421.2;1;9818328927;S
20240313;100924;1421.2;100;9818328928;S
20240313;100924;1421.2;11;9818328929;S
20240313;100925;1421;11;9818329057;S
20240313;100925;1421.2;1;9818329203;B
20240313;100925;1421;9;9818329213;S
20240313;100926;1421.2;7;9818329414;B
20240313;100927;1421.2;10;9818329452;B
20240313;100927;1421.2;2;9818329457;B
20240313;100928;1421.2;3;9818329611;B
20240313;100928;1421.2;3;9818329618;B
20240313;100928;1421.2;100;9818329806;B
20240313;100928;1421.2;100;9818329945;B
20240313;100929;1421;1;9818330127;S
20240313;100929;1421;100;9818330129;S
20240313;100930;1421;45;9818330227;S
20240313;100931;1421;100;9818330317;S
20240313;100932;1421;100;9818330428;S
20240313;100932;1421;1;9818330501;S
20240313;100933;1421.2;1;9818330566;B
20240313;100933;1421.2;2;9818330591;B
20240313;100933;1421.2;1;9818330594;B
20240313;100933;1421;100;9818330599;S
20240313;100933;1421.2;1;9818330683;B
20240313;100934;1421.2;43;9818330750;B
20240313;100934;1421;100;9818330783;S
20240313;100935;1421.2;1;9818330933;B
20240313;100935;1421;16;9818330959;S
20240313;100935;1421;3;9818330960;S
20240313;100935;1421;2;9818330961;S
20240313;100935;1421;79;9818330962;S
20240313;100936;1421;21;9818331090;S
20240313;100936;1421;5;9818331091;S
20240313;100936;1421;74;9818331092;S
20240313;100937;1421;1;9818331179;S
20240313;100937;1421;2;9818331193;S
20240313;100938;1421;23;9818331398;S
20240313;100938;1421;77;9818331399;S
20240313;100938;1421.2;11;9818331529;B
20240313;100940;1421;23;9818331716;S
20240313;100940;1421;77;9818331717;S
20240313;100941;1421.2;35;9818331815;B
20240313;100941;1421.2;6;9818331847;B
20240313;100942;1421.2;100;9818331981;B
20240313;100944;1421.2;3;9818332372;B
20240313;100944;1421;1;9818332375;S
20240313;100946;1421;22;9818332610;S
20240313;100946;1421;50;9818332611;S
20240313;100946;1421;2;9818332612;S
20240313;100946;1421;1;9818332642;B
20240313;100947;1421;1;9818332707;B
20240313;100947;1421;2;9818332749;B
20240313;100949;1421;27;9818333016;B
20240313;100949;1421;23;9818333017;B
20240313;100951;1420.8;3;9818333514;S
20240313;100951;1420.8;4;9818333515;S
20240313;100951;1420.6;1;9818333535;S
20240313;100952;1421;39;9818333594;B
20240313;100952;1421;100;9818333595;S
20240313;100952;1421;50;9818333651;S
20240313;100953;1421.2;13;9818333676;B
20240313;100953;1421.2;10;9818333677;B
20240313;100953;1421.2;17;9818333678;B
20240313;100953;1421.2;1;9818333911;B
20240313;100955;1421.2;6;9818334088;B
20240313;100955;1421.2;153;9818334092;B
20240313;100955;1421.2;10;9818334136;B
20240313;100956;1421.2;1;9818334269;B
20240313;100956;1421.2;1;9818334270;B
20240313;100957;1421.2;21;9818334429;B
20240313;100957;1421;2;9818334490;S
20240313;100957;1421;400;9818334497;S
20240313;100957;1421.2;2;9818334533;B
20240313;100958;1421.2;155;9818334681;B
20240313;100959;1421.2;6;9818334845;B
20240313;101000;1421;2;9818334877;S
20240313;101001;1421.2;10;9818335239;B
20240313;101001;1421;5;9818335258;S
20240313;101002;1421;25;9818335314;S
20240313;101002;1421;1;9818335409;S
20240313;101003;1421;15;9818335517;S
20240313;101003;1421.2;1;9818335574;B
20240313;101004;1421.2;1;9818335593;B
20240313;101004;1421.2;1;9818335777;B
20240313;101005;1421;1;9818335950;S
20240313;101006;1421.2;119;9818336026;B
20240313;101006;1421.2;1;9818336027;B
20240313;101006;1421.2;1;9818336028;B
20240313;101006;1421.2;39;9818336029;B
20240313;101006;1421;13;9818336069;S
20240313;101006;1421.2;5;9818336071;B
20240313;101006;1421.2;10;9818336131;B
20240313;101006;1421;8;9818336141;S
20240313;101007;1421;5;9818336269;S
20240313;101009;1421.2;271;9818336587;B
20240313;101009;1421.2;29;9818336588;B
20240313;101010;1421.2;830;9818336674;B
20240313;101012;1421.2;1;9818337107;B
20240313;101012;1421.2;38;9818337194;B
20240313;101012;1421.2;38;9818337220;B
20240313;101012;1421.2;38;9818337273;B
20240313;101012;1421.2;38;9818337278;B
20240313;101012;1421.2;101;9818337326;B
20240313;101012;1421.2;101;9818337344;B
20240313;101012;1421.2;11;9818337406;B
20240313;101012;1421.2;11;9818337407;B
20240313;101012;1421.2;189;9818337416;B
20240313;101012;1421.2;189;9818337417;B
20240313;101012;1421.2;200;9818337424;B
20240313;101012;1421.2;161;9818337425;B
20240313;101012;1421.4;18;9818337429;B
20240313;101012;1421.4;38;9818337430;B
20240313;101012;1421.6;15;9818337439;B
20240313;101012;1421.6;41;9818337440;B
20240313;101012;1421.6;11;9818337441;B
20240313;101013;1421.8;11;9818337630;B
20240313;101013;1421.6;20;9818337636;S
20240313;101013;1421.4;39;9818337637;S
20240313;101013;1421.4;11;9818337638;S
20240313;101013;1421.2;212;9818337639;S
20240313;101013;1421.2;1;9818337640;S
20240313;101013;1421;97;9818337641;S
20240313;101013;1421;64;9818337642;S
20240313;101013;1421;1;9818337643;S
20240313;101013;1421;6;9818337644;S
20240313;101013;1421;2;9818337645;S
20240313;101013;1421;4;9818337646;S
20240313;101013;1421;8;9818337647;S
20240313;101013;1421;8;9818337648;S
20240313;101013;1421;10;9818337649;S
20240313;101013;1421;1;9818337650;S
20240313;101013;1421;7;9818337651;S
20240313;101013;1421;3;9818337652;S
20240313;101013;1421;9;9818337653;S
20240313;101013;1421;30;9818337654;S
20240313;101013;1421;3;9818337655;S
20240313;101013;1421;6;9818337656;S
20240313;101013;1421;164;9818337657;S
20240313;101013;1421;150;9818337658;S
20240313;101013;1421;7;9818337659;S
20240313;101013;1420.6;115;9818337660;S
20240313;101013;1420.6;56;9818337661;S
20240313;101013;1420.4;3;9818337662;S
20240313;101013;1420.4;2;9818337663;S
20240313;101013;1420.4;150;9818337664;S
20240313;101013;1420.4;100;9818337665;S
20240313;101013;1420.4;100;9818337666;S
20240313;101013;1420.4;56;9818337667;S
20240313;101013;1420.2;1;9818337668;S
20240313;101013;1420.2;10;9818337669;S
20240313;101013;1420.2;5;9818337670;S
20240313;101013;1420.2;10;9818337671;S
20240313;101013;1420.2;1000;9818337672;S
20240313;101013;1420.2;1;9818337673;S
20240313;101013;1420.2;2;9818337674;S
20240313;101013;1420.2;5;9818337675;S
20240313;101013;1420.2;2;9818337676;S
20240313;101013;1420.2;1;9818337677;S
20240313;101013;1420.2;30;9818337678;S
20240313;101013;1420.2;35;9818337679;S
20240313;101013;1420.2;70;9818337680;S
20240313;101013;1420.2;1;9818337681;S
20240313;101013;1420.2;191;9818337682;S
20240313;101013;1420.2;10;9818337683;S
20240313;101013;1420.2;37;9818337684;S
20240313;101013;1420.2;56;9818337685;S
20240313;101013;1420.2;50;9818337686;S
20240313;101013;1420.2;70;9818337687;S
20240313;101013;1420;23;9818337688;S
20240313;101013;1420;11;9818337689;S
20240313;101013;1420;1;9818337690;S
20240313;101013;1420;1;9818337691;S
20240313;101013;1420;70;9818337692;S
20240313;101013;1420;10;9818337693;S
20240313;101013;1420;10;9818337694;S
20240313;101013;1420;1;9818337695;S
20240313;101013;1420;8;9818337696;S
20240313;101013;1420;1;9818337697;S
20240313;101013;1420;1;9818337698;S
20240313;101013;1420;500;9818337699;S
20240313;101013;1420;3;9818337700;S
20240313;101013;1420;16;9818337701;S
20240313;101013;1420;2;9818337702;S
20240313;101013;1420;50;9818337703;S
20240313;101013;1420;1;9818337704;S
20240313;101013;1420;1000;9818337705;S
20240313;101013;1420;35;9818337706;S
20240313;101013;1420;1;9818337707;S
20240313;101013;1420;2;9818337708;S
20240313;101013;1420;1;9818337709;S
20240313;101013;1420;10;9818337710;S
20240313;101013;1420;91;9818337711;S
20240313;101013;1420;30;9818337712;S
20240313;101013;1420;1;9818337713;S
20240313;101013;1420;50;9818337714;S
20240313;101013;1420;3;9818337715;S
20240313;101013;1420;13;9818337716;S
20240313;101013;1420;1;9818337717;S
20240313;101013;1420;30;9818337718;S
20240313;101013;1420;30;9818337719;S
20240313;101013;1420;100;9818337720;S
20240313;101013;1420;100;9818337721;S
20240313;101013;1420;2;9818337722;S
20240313;101013;1420;140;9818337723;S
20240313;101013;1420;119;9818337724;B
20240313;101013;1420;119;9818337725;B
20240313;101013;1420;119;9818337726;B
20240313;101013;1420;119;9818337727;B
20240313;101013;1420;119;9818337728;B
20240313;101013;1420;99;9818337729;B
20240313;101013;1420;480;9818337730;B
20240313;101013;1420;20;9818337731;B
20240313;101013;1420;500;9818337732;B
20240313;101013;1420;500;9818337733;B
20240313;101013;1420;381;9818337734;B
20240313;101013;1420;381;9818337735;B
20240313;101013;1420;262;9818337736;B
20240313;101013;1420;151;9818337737;B
20240313;101013;1420;262;9818337738;B
20240313;101013;1420;242;9818337739;B
20240313;101013;1419.8;20;9818337740;S
20240313;101013;1419.8;80;9818337741;S
20240313;101013;1419.8;1;9818337746;S
20240313;101013;1420;28;9818337768;B
20240313;101013;1420;28;9818337774;B
20240313;101013;1420;7;9818337801;B
20240313;101013;1420;7;9818337815;B
20240313;101013;1420;4;9818337867;B
20240313;101014;1419.8;10;9818337877;S
20240313;101014;1419.8;10;9818337906;S
20240313;101014;1419.8;1508;9818337930;S
20240313;101014;1419.8;1;9818337964;S
20240313;101014;1419.8;15;9818337965;S
20240313;101014;1420;5;9818337966;B
20240313;101014;1419.8;30;9818337969;S
20240313;101014;1420;100;9818337979;B
20240313;101014;1419.8;2;9818338015;S
20240313;101014;1419.8;1;9818338016;S
20240313;101014;1420;1;9818338046;B
20240313;101014;1420;3;9818338058;B
20240313;101015;1420;5;9818338117;B
20240313;101015;1419.8;1000;9818338122;S
20240313;101015;1419.8;60;9818338124;S
20240313;101016;1420;123;9818338261;B
20240313;101016;1420;7;9818338262;B
20240313;101016;1420;50;9818338263;B
20240313;101017;1420;1;9818338401;B
20240313;101018;1419.8;4;9818338554;S
20240313;101018;1420;1;9818338590;B
20240313;101018;1419.8;1;9818338610;S
20240313;101019;1419.8;100;9818338668;S
20240313;101019;1420;30;9818338671;B
20240313;101020;1419.8;4;9818338858;S
20240313;101021;1419.8;20;9818339040;S
20240313;101023;1420;50;9818339330;B
20240313;101024;1420;1;9818339504;B
20240313;101025;1420;1;9818339554;B
20240313;101027;1420;5;9818339684;B
20240313;101027;1420;6;9818339798;B
20240313;101028;1419.8;153;9818339922;S
20240313;101028;1419.8;108;9818339923;S
20240313;101028;1419.8;12;9818339924;S
20240313;101028;1419.8;1;9818339925;S
20240313;101028;1419.8;5;9818339926;S
20240313;101028;1419.8;102;9818339927;S
20240313;101028;1419.8;19;9818339928;S
20240313;101029;1420;1;9818339996;B
20240313;101029;1420;1;9818340011;B
20240313;101029;1420;10;9818340012;B
20240313;101031;1420;1;9818340194;B
20240313;101031;1419.8;5;9818340251;S
20240313;101033;1419.8;1;9818340427;S
20240313;101033;1420;1;9818340489;B
20240313;101034;1420;1;9818340582;B
20240313;101034;1420;3;9818340622;B
20240313;101034;1420;10;9818340633;B
20240313;101035;1420;1;9818340708;B
20240313;101036;1419.8;36;9818340879;S
20240313;101036;1420;2;9818340892;B
20240313;101037;1419.8;5;9818340975;S
20240313;101037;1419.8;10;9818340976;S
20240313;101038;1420;100;9818341047;B
20240313;101039;1420;25;9818341123;B
20240313;101039;1420;2;9818341167;B
20240313;101040;1420;15;9818341244;B
20240313;101041;1420;1;9818341371;B
20240313;101041;1420;10;9818341441;B
20240313;101042;1419.8;360;9818341595;S
20240313;101042;1419.8;35;9818341596;S
20240313;101042;1419.8;5;9818341597;S
20240313;101044;1419.6;3;9818341722;S
20240313;101045;1419.6;1;9818341788;S
20240313;101045;1419.6;1;9818341789;S
20240313;101045;1419.4;8;9818341790;S
20240313;101045;1419.4;47;9818341791;S
20240313;101045;1419.4;180;9818341792;S
20240313;101045;1419.2;44;9818341793;S
20240313;101046;1419.6;1;9818341947;B
20240313;101047;1419.2;3;9818342092;S
20240313;101048;1419.6;1;9818342135;B
20240313;101048;1419.6;1;9818342206;B
20240313;101049;1419.2;2;9818342264;S
20240313;101049;1419.4;1;9818342274;B
20240313;101049;1419.4;5;9818342319;B
20240313;101049;1419.2;215;9818342344;S
20240313;101049;1419.2;35;9818342345;S
20240313;101050;1419.4;5;9818342463;B
20240313;101052;1419.2;40;9818342608;S
20240313;101052;1419.2;4;9818342609;S
20240313;101052;1419.2;2;9818342610;S
20240313;101052;1419;9;9818342611;S
20240313;101052;1419;20;9818342618;S
20240313;101052;1419;5;9818342628;S
20240313;101053;1419.4;1;9818342752;B
20240313;101055;1419.4;10;9818343017;B
20240313;101056;1419;1;9818343124;S
20240313;101057;1419;10;9818343308;S
20240313;101057;1419.2;5;9818343309;B
20240313;101058;1419.2;3;9818343359;B
20240313;101059;1419.2;70;9818343447;B
20240313;101059;1419;55;9818343456;S
20240313;101059;1419;50;9818343457;S
20240313;101059;1419;20;9818343458;S
20240313;101059;1419;100;9818343459;S
20240313;101059;1419;1;9818343460;S
20240313;101059;1419;2;9818343461;S
20240313;101059;1419;1;9818343462;S
20240313;101059;1419;4;9818343463;S
20240313;101059;1419;60;9818343464;S
20240313;101059;1419;100;9818343465;S
20240313;101059;1419;2;9818343466;S
20240313;101059;1419;2;9818343467;S
20240313;101059;1419;20;9818343468;S
20240313;101059;1418.8;1;9818343469;S
20240313;101059;1418.8;56;9818343470;S
20240313;101059;1418.8;50;9818343471;S
20240313;101059;1418.6;100;9818343472;S
