<DATE>;<TIME>;<LAST>;<VOL>;<ID>;<OPER>
20240502;095952;1236;1;10255677949;S
20240502;095952;1236;1;10255677950;S
20240502;095952;1236;1;10255677951;S
20240502;095952;1236;3;10255677952;B
20240502;095952;1236;8;10255677953;B
20240502;095952;1236;6;10255677954;B
20240502;095952;1236;1;10255677955;B
20240502;095952;1236;4;10255677956;S
20240502;095952;1236;1;10255677957;B
20240502;095952;1236;1;10255677958;B
20240502;095952;1236;4;10255677959;B
20240502;095952;1236;1;10255677960;B
20240502;095952;1236;3;10255677961;B
20240502;095952;1236;1;10255677962;B
20240502;095952;1236;5;10255677963;B
20240502;095952;1236;17;10255677964;B
20240502;095952;1236;1;10255677965;B
20240502;095952;1236;1;10255677966;B
20240502;095952;1236;1;10255677967;B
20240502;095952;1236;1;10255677968;B
20240502;095952;1236;2;10255677969;B
20240502;095952;1236;3;10255677970;S
20240502;095952;1236;4;10255677971;S
20240502;095952;1236;1;10255677972;B
20240502;095952;1236;43;10255677973;B
20240502;095952;1236;4;10255677974;B
20240502;095952;1236;3;10255677975;B
20240502;095952;1236;1;10255677976;B
20240502;095952;1236;4;10255677977;B
20240502;095952;1236;3;10255677978;S
20240502;095952;1236;5;10255677979;S
20240502;095952;1236;37;10255677980;S
20240502;095952;1236;80;10255677981;B
20240502;095952;1236;1;10255677982;S
20240502;095952;1236;40;10255677983;S
20240502;095952;1236;2;10255677984;S
20240502;095952;1236;1;10255677985;S
20240502;095952;1236;139;10255677986;S
20240502;095952;1236;111;10255677987;S
20240502;095952;1236;4;10255677988;S
20240502;095952;1236;385;10255677989;B
20240502;095952;1236;1;10255677990;B
20240502;095952;1236;1;10255677991;B
20240502;095952;1236;93;10255677992;B
20240502;095952;1236;2;10255677993;B
20240502;095952;1236;10;10255677994;B
20240502;095952;1236;1;10255677995;B
20240502;095952;1236;7;10255677996;B
20240502;095952;1236;1;10255677997;B
20240502;095952;1236;32;10255677998;B
20240502;095952;1236;50;10255677999;S
20240502;095952;1236;100;10255678000;B
20240502;095952;1236;100;10255678001;S
20240502;095952;1236;500;10255678002;B
20240502;095952;1236;6;10255678003;B
20240502;095952;1236;15;10255678004;B
20240502;095952;1236;20;10255678005;B
20240502;095952;1236;12;10255678006;B
20240502;095952;1236;19;10255678007;B
20240502;095952;1236;24;10255678008;S
20240502;095952;1236;1;10255678009;B
20240502;095952;1236;5;10255678010;B
20240502;095952;1236;1;10255678011;B
20240502;095952;1236;1;10255678012;B
20240502;095952;1236;5;10255678013;B
20240502;095952;1236;1;10255678014;B
20240502;095952;1236;1;10255678015;B
20240502;095952;1236;1;10255678016;B
20240502;095952;1236;11;10255678017;B
20240502;095952;1236;36;10255678018;B
20240502;095952;1236;1;10255678019;B
20240502;095952;1236;2;10255678020;B
20240502;095952;1236;9;10255678021;B
20240502;095952;1236;5;10255678022;B
20240502;095952;1236;10;10255678023;B
20240502;095952;1236;32;10255678024;B
20240502;095952;1236;57;10255678025;B
20240502;095952;1236;26;10255678026;B
20240502;095952;1236;1;10255678027;B
20240502;095952;1236;10;10255678028;B
20240502;095952;1236;10;10255678029;B
20240502;095952;1236;50;10255678030;B
20240502;095952;1236;403;10255678031;S
20240502;095952;1236;145;10255678032;S
20240502;095952;1236;40;10255678033;S
20240502;095952;1236;8;10255678034;S
20240502;095952;1236;1087;10255678035;S
20240502;095952;1236;10;10255678036;B
20240502;095952;1236;23;10255678037;B
20240502;095952;1236;2;10255678038;B
20240502;095952;1236;30;10255678039;B
20240502;095952;1236;745;10255678040;B
20240502;095952;1236;50;10255678041;B
20240502;095952;1236;25;10255678042;B
20240502;100000;1236.6;100;10255679919;B
20240502;100000;1236.6;45;10255679990;B
20240502;100000;1236.6;40;10255679991;B
20240502;100000;1236.6;15;10255680028;S
20240502;100000;1236.6;71;10255680029;S
20240502;100000;1236.8;1;10255680151;B
20240502;100000;1236.8;11;10255680444;B
20240502;100001;1236.8;65;10255681273;B
20240502;100001;1236.6;36;10255681365;S
20240502;100001;1236.8;1;10255681447;B
20240502;100003;1236.8;16;10255683488;B
20240502;100003;1236.8;1;10255683500;B
20240502;100003;1236.6;17;10255683825;S
20240502;100005;1236.6;30;10255684723;S
20240502;100005;1236.8;5;10255685259;B
20240502;100005;1236.8;1;10255685275;S
20240502;100005;1236.8;1;10255685277;S
20240502;100005;1236.8;1;10255685278;S
20240502;100005;1237;1;10255685280;B
20240502;100005;1237;2;10255685282;B
20240502;100005;1237;1;10255685283;B
20240502;100005;1237;1;10255685307;B
20240502;100006;1236.8;1;10255686110;S
20240502;100006;1236.8;7;10255686374;S
20240502;100006;1237;1;10255686376;B
20240502;100006;1237;2;10255686381;B
20240502;100006;1237;1;10255686733;B
20240502;100006;1236.8;2;10255686735;S
20240502;100006;1237;1;10255686745;B
20240502;100006;1237;2;10255686746;B
20240502;100006;1237;1;10255686748;B
20240502;100006;1237;1;10255686749;B
20240502;100006;1237;1;10255687083;B
20240502;100006;1236.8;4;10255687084;S
20240502;100006;1237;1;10255687085;B
20240502;100006;1237;1;10255687086;B
20240502;100006;1237;5;10255687087;B
20240502;100006;1237;1;10255687088;B
20240502;100007;1236.8;1;10255687728;S
20240502;100007;1237;2;10255687989;B
20240502;100007;1236.8;74;10255687990;S
20240502;100007;1237;1;10255687992;B
20240502;100007;1237;1;10255687993;B
20240502;100007;1237;1;10255687994;B
20240502;100007;1237;1;10255687996;B
20240502;100007;1236.8;23;10255687997;S
20240502;100007;1236.8;3;10255687998;S
20240502;100007;1236.8;2;10255688000;S
20240502;100007;1237;4;10255688005;B
20240502;100007;1237;1;10255688007;B
20240502;100007;1237;5;10255688008;B
20240502;100007;1237;1;10255688010;B
20240502;100007;1237;1;10255688011;B
20240502;100007;1237;1;10255688107;B
20240502;100007;1237;1;10255688112;B
20240502;100007;1236.8;67;10255688116;S
20240502;100007;1237;1;10255688117;B
20240502;100007;1237;2;10255688124;B
20240502;100007;1236.8;12;10255688366;S
20240502;100007;1237;1;10255688565;B
20240502;100007;1236.8;10;10255688566;S
20240502;100007;1237;6;10255688567;B
20240502;100007;1236.8;3;10255688570;S
20240502;100007;1237;1;10255688931;B
20240502;100007;1236.8;4;10255688932;S
20240502;100007;1237;1;10255688934;B
20240502;100007;1236.8;3;10255688936;S
20240502;100007;1237;1;10255689154;B
20240502;100007;1237;1;10255689155;B
20240502;100007;1237;1;10255689156;B
20240502;100007;1237;1;10255689157;B
20240502;100007;1237;1;10255689158;B
20240502;100007;1236.8;7;10255689330;S
20240502;100007;1237;30;10255689475;B
20240502;100007;1236.8;1;10255689476;S
20240502;100007;1236.8;1;10255689479;S
20240502;100007;1236.8;1;10255689480;S
20240502;100007;1237;1;10255689483;B
20240502;100007;1237;1;10255689840;B
20240502;100007;1237;2;10255689841;B
20240502;100007;1236.8;11;10255689842;S
20240502;100007;1237;55;10255689997;B
20240502;100007;1237;45;10255689998;B
20240502;100008;1237;50;10255690604;B
20240502;100008;1237;1;10255690648;B
20240502;100008;1237;1;10255690649;B
20240502;100008;1236.8;4;10255690650;S
20240502;100009;1237;3;10255692243;B
20240502;100009;1237;32;10255692245;B
20240502;100009;1236.8;2;10255692521;S
20240502;100009;1236.8;1;10255692821;S
20240502;100009;1236.8;16;10255692834;S
20240502;100009;1237;1;10255693319;B
20240502;100009;1237;1;10255693325;B
20240502;100009;1237;1;10255693327;B
20240502;100009;1236.8;1;10255693335;S
20240502;100009;1237;1;10255693875;B
20240502;100009;1237;2;10255693881;B
20240502;100010;1237;1;10255693901;B
20240502;100010;1237;1;10255693910;B
20240502;100010;1237;1;10255693982;B
20240502;100010;1236.8;1;10255693987;S
20240502;100010;1237;2;10255694107;B
20240502;100010;1236.8;1;10255694201;S
20240502;100010;1237;1;10255694210;B
20240502;100010;1237;8;10255694224;B
20240502;100010;1237;81;10255695117;B
20240502;100010;1237;3;10255695122;B
20240502;100010;1236.8;11;10255695128;S
20240502;100010;1236.8;1;10255695206;S
20240502;100010;1237;1;10255695270;B
20240502;100010;1237;1;10255695273;B
20240502;100010;1236.8;6;10255695277;S
20240502;100010;1237;1;10255695285;B
20240502;100010;1237;4;10255695295;B
20240502;100010;1236.8;1;10255695302;S
20240502;100010;1237;4;10255695308;B
20240502;100010;1236.8;10;10255695313;S
20240502;100011;1237;36;10255695557;B
20240502;100011;1236.8;100;10255695604;S
20240502;100012;1237;1;10255696169;B
20240502;100013;1237;8;10255696312;B
20240502;100014;1236.8;109;10255696703;S
20240502;100014;1236.8;24;10255696704;S
20240502;100014;1236.8;98;10255696705;S
20240502;100014;1236.8;1;10255696706;S
20240502;100014;1236.8;18;10255696707;S
20240502;100016;1237;10;10255697162;B
20240502;100016;1237;5;10255697163;B
20240502;100018;1237;4;10255697902;B
20240502;100019;1237;189;10255698231;B
20240502;100019;1237;25;10255698232;B
20240502;100019;1237;1;10255698233;B
20240502;100019;1237;20;10255698234;B
20240502;100019;1237;60;10255698235;B
20240502;100019;1237;5;10255698236;B
20240502;100019;1237;1;10255698358;B
20240502;100019;1237.2;82;10255698427;B
20240502;100019;1237.2;34;10255698428;B
20240502;100019;1237.2;84;10255698429;B
20240502;100019;1237.2;61;10255698430;B
20240502;100019;1237.2;39;10255698431;B
20240502;100019;1237.2;14;10255698433;B
20240502;100020;1237.4;186;10255698462;B
20240502;100020;1237.2;3;10255698475;B
20240502;100020;1237;100;10255698563;S
20240502;100021;1237.2;1;10255699036;B
20240502;100023;1236.8;98;10255699360;S
20240502;100023;1236.8;2;10255699361;S
20240502;100023;1236.8;1;10255699583;S
20240502;100024;1237.2;20;10255699774;B
20240502;100024;1237.2;1;10255699808;B
20240502;100025;1236.6;13;10255699947;S
20240502;100025;1236.6;33;10255700045;S
20240502;100025;1236.6;67;10255700046;S
20240502;100025;1236.8;1;10255700117;B
20240502;100026;1236.6;33;10255700270;S
20240502;100026;1236.6;100;10255700271;S
20240502;100026;1236.6;100;10255700272;S
20240502;100026;1236.6;2;10255700273;S
20240502;100026;1236.6;1;10255700274;S
20240502;100026;1236.6;13;10255700275;S
20240502;100026;1236.4;1;10255700276;S
20240502;100026;1236.2;14;10255700304;B
20240502;100026;1236.2;1;10255700373;B
20240502;100029;1236;1;10255701117;S
20240502;100029;1236;49;10255701118;S
20240502;100029;1236;2;10255701119;S
20240502;100029;1235.8;48;10255701120;S
20240502;100029;1235.6;2;10255701282;S
20240502;100029;1235.6;1;10255701283;S
20240502;100029;1235.6;1;10255701284;S
20240502;100029;1235.6;73;10255701285;S
20240502;100029;1235.6;100;10255701286;S
20240502;100029;1235.6;145;10255701287;S
20240502;100029;1235.4;4;10255701288;S
20240502;100029;1235.4;300;10255701289;S
20240502;100029;1235.4;74;10255701290;S
20240502;100030;1236;13;10255701391;B
20240502;100030;1236.2;61;10255701392;B
20240502;100030;1236.2;47;10255701393;B
20240502;100030;1236.4;6;10255701394;B
20240502;100030;1236.2;86;10255701409;B
20240502;100030;1236.4;98;10255701439;B
20240502;100030;1236.4;16;10255701540;S
20240502;100030;1236;13;10255701541;S
20240502;100030;1235.8;71;10255701542;S
20240502;100031;1235.8;81;10255701959;S
20240502;100031;1235.6;19;10255701960;S
20240502;100032;1235.8;5;10255702145;B
20240502;100032;1235.8;17;10255702149;B
20240502;100032;1235.8;78;10255702196;S
20240502;100032;1235.4;22;10255702197;S
20240502;100033;1235.6;1;10255702487;S
20240502;100033;1235.6;100;10255702515;S
20240502;100034;1235.6;32;10255702747;S
20240502;100034;1235.4;68;10255702748;S
20240502;100034;1235.4;100;10255702776;S
20240502;100036;1235.6;85;10255703436;S
20240502;100036;1235.6;1;10255703437;S
20240502;100036;1235.4;14;10255703438;S
20240502;100037;1236;2;10255703560;B
20240502;100039;1235.4;2;10255704148;S
20240502;100040;1235.8;5;10255704857;B
20240502;100041;1235.4;20;10255705231;S
20240502;100041;1235.8;5;10255705344;B
20240502;100041;1235.8;1;10255705420;B
20240502;100042;1235.4;20;10255705611;S
20240502;100043;1235.4;61;10255706396;B
20240502;100043;1235.6;98;10255706404;B
20240502;100043;1235.6;41;10255706405;B
20240502;100043;1235.6;25;10255706646;S
20240502;100043;1235.6;2;10255706648;S
20240502;100043;1235.6;100;10255706722;S
20240502;100043;1235.8;1;10255706764;B
20240502;100044;1235.8;46;10255706778;B
20240502;100044;1235.8;1;10255707169;S
20240502;100045;1236;11;10255707300;B
20240502;100045;1236;15;10255707301;B
20240502;100045;1235.4;100;10255707319;S
20240502;100045;1235.6;54;10255707369;B
20240502;100045;1235.8;98;10255707370;B
20240502;100046;1235.8;25;10255707912;S
20240502;100046;1235.8;100;10255708020;S
20240502;100047;1235.8;2;10255708333;S
20240502;100048;1235.8;100;10255708513;S
20240502;100049;1235.8;46;10255708840;S
20240502;100049;1235.8;2;10255708841;S
20240502;100049;1235.4;25;10255708842;S
20240502;100049;1235.4;100;10255708880;S
20240502;100049;1235.4;11;10255709097;S
20240502;100050;1235.4;81;10255709203;S
20240502;100050;1235.4;13;10255709204;S
20240502;100050;1235.2;8;10255709205;S
20240502;100050;1235.2;1;10255709206;S
20240502;100050;1235.2;1;10255709207;S
20240502;100050;1235.2;1;10255709208;S
20240502;100050;1235.2;12;10255709209;S
20240502;100050;1235.2;1;10255709210;S
20240502;100050;1235.2;5;10255709211;S
20240502;100050;1235.2;1;10255709212;S
20240502;100050;1235.2;8;10255709213;S
20240502;100050;1235.2;1;10255709214;S
20240502;100050;1235.2;1;10255709215;S
20240502;100050;1235.2;1;10255709216;S
20240502;100050;1235.2;1;10255709217;S
20240502;100050;1235.2;3;10255709218;S
20240502;100050;1235.2;1;10255709219;S
20240502;100050;1235.2;1;10255709220;S
20240502;100050;1235.2;4;10255709221;S
20240502;100050;1235.2;1;10255709222;S
20240502;100050;1235.2;1;10255709223;S
20240502;100050;1235.2;53;10255709224;S
20240502;100050;1235.6;34;10255709257;B
20240502;100050;1235.6;13;10255709258;B
20240502;100050;1235.6;61;10255709259;B
20240502;100050;1235.8;98;10255709260;B
20240502;100053;1235.8;1;10255710269;S
20240502;100053;1236;16;10255710296;B
20240502;100053;1236;80;10255710297;B
20240502;100053;1236;1;10255710298;B
20240502;100053;1236;3;10255710299;B
20240502;100054;1236;1;10255710709;B
20240502;100054;1235.8;10;10255710772;S
20240502;100054;1235.8;183;10255710777;S
20240502;100054;1235.8;294;10255710778;S
20240502;100054;1235.6;13;10255710779;S
20240502;100054;1235.6;61;10255710780;S
20240502;100054;1235.4;120;10255710781;S
20240502;100054;1235.4;300;10255710782;S
20240502;100054;1235.4;98;10255710783;S
20240502;100054;1235.2;37;10255710784;S
20240502;100054;1235.2;1;10255710785;S
20240502;100054;1235.2;1;10255710786;S
20240502;100054;1235.2;5;10255710787;S
20240502;100054;1235.2;1;10255710788;S
20240502;100054;1235.2;10;10255710789;S
20240502;100054;1235.2;1;10255710790;S
20240502;100054;1235.2;1;10255710791;S
20240502;100054;1235.2;1;10255710792;S
20240502;100054;1235.2;10;10255710793;S
20240502;100054;1235.2;2;10255710794;S
20240502;100054;1235.2;1;10255710795;S
20240502;100054;1235.2;1;10255710796;S
20240502;100054;1235.2;1;10255710797;S
20240502;100054;1235.2;1;10255710798;S
20240502;100054;1235.2;10;10255710799;S
20240502;100054;1235.2;1000;10255710800;S
20240502;100054;1235.2;5;10255710801;S
20240502;100054;1235.2;4;10255710802;S
20240502;100054;1235.2;81;10255710803;S
20240502;100054;1235.2;10;10255710804;S
20240502;100054;1235.2;1;10255710805;S
20240502;100054;1235;1;10255710806;S
20240502;100054;1235;1;10255710807;S
20240502;100054;1235;1;10255710808;S
20240502;100054;1235;1;10255710809;S
20240502;100054;1235;1;10255710810;S
20240502;100054;1235;1;10255710811;S
20240502;100054;1235;5;10255710812;S
20240502;100054;1235;4;10255710813;S
20240502;100054;1235;1;10255710814;S
20240502;100054;1235;3;10255710815;S
20240502;100054;1235;50;10255710816;S
20240502;100054;1235;20;10255710817;S
20240502;100054;1235;1;10255710818;S
20240502;100054;1235;1;10255710819;S
20240502;100054;1235;5;10255710820;S
20240502;100054;1235;20;10255710821;S
20240502;100054;1235;16;10255710822;S
20240502;100054;1235;1;10255710823;S
20240502;100054;1235;20;10255710824;S
20240502;100054;1235;2;10255710825;S
20240502;100054;1235;267;10255710826;S
20240502;100054;1235;1;10255710827;S
20240502;100054;1235;500;10255710828;S
20240502;100054;1235;2;10255710829;S
20240502;100054;1235;65;10255710830;S
20240502;100054;1235;370;10255710831;S
20240502;100054;1235;1;10255710832;S
20240502;100054;1235;1;10255710833;S
20240502;100054;1235;50;10255710834;S
20240502;100054;1235;1;10255710835;S
20240502;100054;1235;2;10255710836;S
20240502;100054;1235;1;10255710837;S
20240502;100054;1235;1;10255710838;S
20240502;100054;1235;1;10255710839;S
20240502;100054;1235;56;10255710840;S
20240502;100054;1235;1;10255710841;S
20240502;100054;1235;5;10255710842;S
20240502;100054;1235;1;10255710843;S
20240502;100054;1235;22;10255710844;S
20240502;100054;1235;1;10255710845;S
20240502;100054;1235;145;10255710846;S
20240502;100055;1235;12;10255710929;B
20240502;100055;1235;1;10255710948;B
20240502;100055;1235;5;10255711012;B
20240502;100055;1234.8;1;10255711022;S
20240502;100055;1234.2;9;10255711023;S
20240502;100055;1234.2;1;10255711024;S
20240502;100055;1234.2;1;10255711025;S
20240502;100055;1234.2;1;10255711026;S
20240502;100055;1234.2;8;10255711027;S
20240502;100055;1234.8;2;10255711031;B
20240502;100055;1234.8;61;10255711032;B
20240502;100055;1234.8;13;10255711033;S
20240502;100055;1234.8;5;10255711064;S
20240502;100056;1234.8;2;10255711135;S
20240502;100056;1235;20;10255711149;B
20240502;100056;1234.8;17;10255711220;S
20240502;100056;1234.6;13;10255711221;S
20240502;100056;1234.6;98;10255711222;S
20240502;100056;1234.4;72;10255711223;S
20240502;100056;1234.8;13;10255711379;B
20240502;100056;1234.8;23;10255711380;B
20240502;100057;1234.6;3;10255711583;S
20240502;100057;1234.6;1;10255711615;S
20240502;100057;1235;1;10255711687;B
20240502;100059;1235;5;10255711988;B
20240502;100100;1234.6;27;10255712367;S
20240502;100100;1234.6;8;10255712379;S
20240502;100100;1234.6;30;10255712380;S
20240502;100100;1234.4;305;10255712381;S
20240502;100100;1234.4;9;10255712401;S
20240502;100100;1234.4;21;10255712416;S
20240502;100100;1234.4;18;10255712437;S
20240502;100101;1234.6;1;10255712705;B
20240502;100102;1234.4;32;10255712991;S
20240502;100105;1234.4;30;10255713847;S
20240502;100105;1234.4;27;10255713858;S
20240502;100105;1234.6;1;10255713869;B
20240502;100106;1234.4;11;10255714004;S
20240502;100106;1234.4;13;10255714005;S
20240502;100106;1234.4;11;10255714006;S
20240502;100106;1234.4;28;10255714045;S
20240502;100107;1234.4;46;10255714244;S
20240502;100107;1234.4;49;10255714257;S
20240502;100107;1234.6;3;10255714266;B
20240502;100107;1234.4;16;10255714381;S
20240502;100108;1234.6;1;10255714445;B
20240502;100109;1234.4;18;10255714928;S
20240502;100110;1234.4;17;10255714961;S
20240502;100110;1234.4;9;10255714963;S
20240502;100110;1234.4;9;10255715055;S
20240502;100110;1234.4;165;10255715066;S
20240502;100110;1234.2;14;10255715067;S
20240502;100110;1234.2;13;10255715068;S
20240502;100110;1234.2;38;10255715069;S
20240502;100110;1234;10;10255715070;S
20240502;100110;1234;13;10255715074;S
20240502;100110;1234;15;10255715084;S
20240502;100111;1234;9;10255715187;S
20240502;100111;1234;9;10255715196;S
20240502;100111;1234;10;10255715198;S
20240502;100111;1234.2;3;10255715328;S
20240502;100113;1234.2;6;10255715742;S
20240502;100114;1234.2;30;10255715968;S
20240502;100115;1234.4;1;10255716201;B
20240502;100117;1234.2;1;10255716469;S
20240502;100117;1234.4;1;10255716470;B
20240502;100118;1234.2;1;10255716611;S
20240502;100120;1234.4;2;10255717119;B
20240502;100120;1234.2;150;10255717191;S
20240502;100123;1234.2;15;10255717880;S
20240502;100125;1234.4;1;10255718173;B
20240502;100125;1234.2;194;10255718251;S
20240502;100125;1234;434;10255718252;S
20240502;100125;1234;1;10255718253;S
20240502;100125;1234;1;10255718254;S
20240502;100125;1234;2;10255718255;S
20240502;100125;1234;1;10255718256;S
20240502;100125;1234;1;10255718257;S
20240502;100125;1234;1;10255718258;S
20240502;100125;1234;1;10255718259;S
20240502;100125;1234;5;10255718260;S
20240502;100125;1234;4;10255718261;S
20240502;100125;1234;4;10255718262;S
20240502;100125;1234;50;10255718263;S
20240502;100125;1234;11;10255718264;S
20240502;100125;1234;23;10255718265;S
20240502;100125;1234;1;10255718266;S
20240502;100125;1234;80;10255718267;S
20240502;100125;1234;3;10255718268;S
20240502;100125;1234;1;10255718269;S
20240502;100125;1234;50;10255718270;S
20240502;100125;1234;38;10255718271;S
20240502;100125;1233.8;80;10255718272;S
20240502;100125;1233.8;13;10255718273;S
20240502;100125;1233.8;1;10255718274;S
20240502;100128;1233.6;5;10255718711;S
20240502;100128;1233.6;1;10255718712;S
20240502;100128;1233.6;5;10255718713;S
20240502;100128;1233.6;121;10255718714;S
20240502;100128;1233.6;36;10255718715;S
20240502;100128;1233.4;115;10255718716;S
20240502;100128;1233.4;13;10255718717;S
20240502;100128;1233.4;103;10255718718;S
20240502;100128;1233.4;5;10255718728;S
20240502;100130;1234;1;10255719100;B
20240502;100130;1234;1;10255719120;B
20240502;100131;1234.2;8;10255719569;B
20240502;100132;1234.2;5;10255719630;B
20240502;100132;1234;13;10255719689;B
20240502;100132;1234;1;10255719690;B
20240502;100132;1234;13;10255719744;B
20240502;100134;1234;78;10255720043;S
20240502;100143;1234.2;1;10255721642;S
20240502;100143;1234.2;61;10255721643;S
20240502;100143;1234.2;38;10255721644;S
20240502;100144;1234.4;3;10255721904;B
20240502;100146;1234.4;31;10255722395;B
20240502;100147;1234.4;7;10255722469;B
20240502;100147;1234.4;19;10255722512;B
20240502;100147;1234.4;18;10255722513;B
20240502;100147;1234.4;87;10255722514;B
20240502;100148;1235;1;10255722623;B
20240502;100148;1235;1;10255722799;B
20240502;100149;1235;1;10255722934;B
20240502;100150;1234.8;1;10255723082;S
20240502;100151;1234.8;6;10255723375;S
20240502;100154;1234.8;4;10255724168;S
20240502;100157;1234.8;10;10255724983;S
20240502;100157;1234.8;1;10255724994;S
20240502;100201;1234.8;20;10255725918;S
20240502;100202;1235;48;10255726032;B
20240502;100205;1234.8;1;10255726685;S
20240502;100206;1235;2;10255726828;B
20240502;100206;1235;9;10255726829;B
20240502;100206;1235;5;10255726830;B
20240502;100206;1235;10;10255726831;B
20240502;100206;1235;1;10255726832;B
20240502;100206;1235;1;10255726833;B
20240502;100206;1235;1;10255726834;B
20240502;100206;1235.2;20;10255726835;B
20240502;100206;1235.4;20;10255726836;B
20240502;100206;1235.4;219;10255726837;B
20240502;100206;1235.4;9;10255726838;B
20240502;100206;1236;1;10255726905;B
20240502;100206;1235.8;1;10255726975;S
20240502;100206;1236;1;10255726981;B
20240502;100207;1235.8;61;10255727050;S
20240502;100207;1235.8;60;10255727051;S
20240502;100207;1235.6;38;10255727052;S
20240502;100207;1235.4;13;10255727053;S
20240502;100207;1235.4;162;10255727054;S
20240502;100207;1235.4;63;10255727055;S
20240502;100207;1235.4;31;10255727056;S
20240502;100207;1235.4;228;10255727057;S
20240502;100207;1235.2;245;10255727058;S
20240502;100207;1235.4;98;10255727063;S
20240502;100207;1235.4;2;10255727064;S
20240502;100207;1235.4;59;10255727065;S
20240502;100207;1235.4;16;10255727066;S
20240502;100207;1235.4;25;10255727067;S
20240502;100207;1235.4;100;10255727068;S
20240502;100207;1235.4;37;10255727069;S
20240502;100210;1235.4;63;10255727956;B
20240502;100210;1235.4;87;10255727957;B
20240502;100211;1235.4;10;10255728190;B
20240502;100212;1235.4;3;10255728326;B
20240502;100215;1235.8;5;10255728792;B
20240502;100217;1235.6;6;10255729399;S
20240502;100219;1235.4;5;10255729623;S
20240502;100222;1235.6;1;10255730156;B
20240502;100223;1235.4;25;10255730360;S
20240502;100223;1235.4;28;10255730503;S
20240502;100224;1235.6;1;10255730593;B
20240502;100225;1235.6;1;10255730675;B
20240502;100225;1235.6;1;10255730793;B
20240502;100225;1235.6;6;10255730859;B
20240502;100225;1235.6;14;10255730860;B
20240502;100227;1235.4;32;10255731089;S
20240502;100227;1235.4;61;10255731090;S
20240502;100227;1235.4;40;10255731091;S
20240502;100227;1235.4;6;10255731092;S
20240502;100227;1235.4;100;10255731093;S
20240502;100227;1235.4;61;10255731094;S
20240502;100229;1235.6;22;10255731666;S
20240502;100230;1235.8;1;10255731763;B
20240502;100231;1235.6;76;10255731984;S
20240502;100231;1235.6;60;10255731985;S
20240502;100231;1235.6;40;10255731986;S
20240502;100231;1235.6;122;10255731987;S
20240502;100231;1235.6;61;10255731988;S
20240502;100231;1235.4;87;10255731989;S
20240502;100231;1235.4;54;10255731990;S
20240502;100232;1235.6;1;10255732176;S
20240502;100233;1235.8;1;10255732274;B
20240502;100236;1235.8;2;10255732894;B
20240502;100238;1235.8;4;10255733268;B
20240502;100238;1235.8;4;10255733269;B
20240502;100239;1235.6;1;10255733440;S
20240502;100240;1235.8;1;10255733769;B
20240502;100242;1235.8;1;10255734125;B
20240502;100244;1236;8;10255734679;B
20240502;100244;1236;102;10255734680;B
20240502;100244;1236;2;10255734681;B
20240502;100244;1236;80;10255734682;B
20240502;100244;1236.2;80;10255734683;B
20240502;100244;1236.2;160;10255734684;B
20240502;100244;1236.4;1568;10255734685;B
20240502;100244;1236.2;1;10255734833;S
20240502;100245;1236.4;3000;10255735094;B
20240502;100246;1236.4;300;10255735222;B
20240502;100247;1236.2;161;10255735483;S
20240502;100247;1236.2;44;10255735484;S
20240502;100247;1236.2;61;10255735485;S
20240502;100247;1236.2;35;10255735486;S
20240502;100252;1236.4;2000;10255736846;B
20240502;100252;1236.4;279;10255736847;B
20240502;100252;1236.4;34;10255736848;B
20240502;100252;1236.4;819;10255736849;B
20240502;100252;1236.4;5;10255736850;B
20240502;100252;1236.8;328;10255736851;B
20240502;100252;1236.8;328;10255736852;B
20240502;100252;1236.8;328;10255736853;B
20240502;100252;1236.8;100;10255736854;B
20240502;100252;1236.8;100;10255736855;B
20240502;100252;1236.8;72;10255736856;B
20240502;100252;1236.8;44;10255736857;B
20240502;100252;1236.8;44;10255736858;B
20240502;100252;1236.8;16;10255736859;B
20240502;100252;1236.8;16;10255736860;B
20240502;100252;1236.8;16;10255736861;B
20240502;100252;1236.8;44;10255736862;B
20240502;100252;1236.8;44;10255736863;B
20240502;100252;1236.8;44;10255736864;B
20240502;100252;1236.8;100;10255736865;B
20240502;100252;1236.8;56;10255736866;B
20240502;100252;1236.8;40;10255736867;B
20240502;100252;1236.8;40;10255736868;B
20240502;100252;1236.8;40;10255736869;B
20240502;100252;1236.8;40;10255736870;B
20240502;100252;1236.8;24;10255736871;B
20240502;100252;1236.8;24;10255736872;B
20240502;100252;1236.8;8;10255736873;B
20240502;100252;1236.8;8;10255736874;B
20240502;100252;1236.8;20;10255736875;B
20240502;100252;1236.8;20;10255736876;B
20240502;100252;1236.8;20;10255736877;B
20240502;100252;1236.8;20;10255736878;B
20240502;100252;1236.8;80;10255736879;B
20240502;100252;1236.8;5;10255736880;B
20240502;100252;1236.6;49;10255736881;S
20240502;100252;1236.6;61;10255736882;S
20240502;100252;1236.6;10;10255736883;S
20240502;100252;1236.8;600;10255736885;B
20240502;100252;1236.8;24;10255736888;B
20240502;100252;1236.6;88;10255736891;S
20240502;100252;1236.6;60;10255736892;S
20240502;100252;1236.6;61;10255736893;S
20240502;100252;1236.6;157;10255736894;S
20240502;100252;1236.4;162;10255736895;S
20240502;100252;1236.4;145;10255736896;S
20240502;100252;1236.4;13;10255736897;S
20240502;100252;1236.4;49;10255736898;S
20240502;100252;1236.4;120;10255736899;S
20240502;100252;1236.2;300;10255736900;S
20240502;100252;1236.2;66;10255736901;S
20240502;100252;1236;60;10255736902;S
20240502;100252;1236;80;10255736903;S
20240502;100252;1235.8;261;10255736904;S
20240502;100252;1235.8;80;10255736905;S
20240502;100252;1235.8;600;10255736906;S
20240502;100252;1235.8;40;10255736907;S
20240502;100252;1235.8;12;10255736908;B
20240502;100252;1235.8;11;10255736909;B
20240502;100252;1235.8;16;10255736910;B
20240502;100252;1235.8;78;10255736914;B
20240502;100252;1235.8;9;10255736986;B
20240502;100253;1235.8;532;10255737060;B
20240502;100253;1236;13;10255737061;B
20240502;100253;1236.2;49;10255737062;B
20240502;100253;1236.6;61;10255737063;B
20240502;100253;1236.6;158;10255737064;B
20240502;100253;1236.8;414;10255737065;B
20240502;100253;1236.8;145;10255737066;B
20240502;100253;1236.8;80;10255737067;B
20240502;100253;1236.8;228;10255737068;B
20240502;100253;1236.8;83;10255737069;B
20240502;100253;1236.8;40;10255737070;B
20240502;100255;1236.6;1;10255737477;S
20240502;100255;1236.6;25;10255737619;S
20240502;100257;1236.8;1;10255737828;B
20240502;100258;1236.8;1000;10255738170;B
20240502;100302;1236.8;190;10255738861;B
20240502;100304;1236.6;72;10255739505;S
20240502;100304;1236.6;61;10255739506;S
20240502;100304;1236.6;60;10255739507;S
20240502;100304;1236.6;48;10255739508;S
20240502;100304;1236.6;250;10255739509;S
20240502;100306;1236.6;168;10255739961;B
20240502;100307;1236.4;13;10255740156;S
20240502;100307;1236.4;1;10255740157;S
20240502;100307;1236.4;61;10255740158;S
20240502;100307;1236.4;98;10255740159;S
20240502;100307;1236.4;60;10255740160;S
20240502;100307;1236.4;67;10255740161;S
20240502;100309;1236.6;1;10255740531;B
20240502;100310;1236.6;1;10255740706;B
20240502;100310;1236.4;38;10255740811;S
20240502;100311;1236.6;1;10255740862;B
20240502;100312;1236.4;61;10255741194;S
20240502;100312;1236.4;98;10255741195;S
20240502;100312;1236.4;60;10255741196;S
20240502;100312;1236.4;145;10255741197;S
20240502;100312;1236.4;2;10255741198;B
20240502;100312;1236.4;2;10255741199;B
20240502;100314;1236.2;10;10255741479;S
20240502;100314;1236.2;10;10255741500;S
20240502;100314;1236.2;10;10255741523;S
20240502;100318;1236.4;16;10255742424;B
20240502;100319;1236.4;1;10255742671;B
20240502;100320;1236.4;2;10255742752;B
20240502;100321;1236.4;4;10255742943;B
20240502;100323;1236.4;8;10255743449;B
20240502;100323;1236.2;1;10255743511;S
20240502;100324;1236.4;43;10255743713;B
20240502;100327;1236.2;59;10255744180;S
20240502;100327;1236.2;49;10255744181;S
20240502;100327;1236.2;10;10255744182;S
20240502;100327;1236.2;1;10255744183;S
20240502;100327;1236.2;1;10255744184;S
20240502;100327;1236.2;1;10255744185;S
20240502;100327;1236.2;1;10255744186;S
20240502;100327;1236.2;1;10255744187;S
20240502;100327;1236;80;10255744188;S
20240502;100327;1236;1;10255744189;S
20240502;100327;1236;20;10255744190;S
20240502;100327;1236;77;10255744191;S
20240502;100327;1236;1;10255744363;S
20240502;100329;1236.4;1;10255744661;B
20240502;100331;1236.4;1;10255745256;B
20240502;100332;1236.4;2;10255745522;B
20240502;100336;1236.2;1;10255746525;B
20240502;100340;1236;1;10255747450;S
20240502;100340;1236;50;10255747471;S
20240502;100341;1236;10;10255747595;S
20240502;100342;1236.2;1;10255747678;B
20240502;100343;1236;19;10255747952;S
20240502;100343;1235.8;10;10255747953;S
20240502;100346;1236.2;4;10255748408;B
20240502;100347;1235.8;70;10255748536;S
20240502;100347;1235.8;1;10255748537;S
20240502;100347;1235.8;60;10255748538;S
20240502;100347;1235.8;158;10255748539;S
20240502;100347;1235.8;11;10255748540;S
20240502;100350;1236;1;10255749083;B
20240502;100355;1236;1;10255749783;B
20240502;100356;1236;11;10255750028;B
20240502;100357;1236.2;3;10255750066;B
20240502;100357;1236;4;10255750067;S
20240502;100357;1236.2;10;10255750137;B
20240502;100357;1236;30;10255750153;S
20240502;100357;1236;53;10255750154;S
20240502;100400;1236;39;10255750648;B
20240502;100400;1236;58;10255750778;S
20240502;100400;1236;42;10255750779;S
20240502;100401;1235.8;30;10255750940;S
20240502;100403;1236.2;1;10255751613;B
20240502;100406;1236.2;1;10255752487;B
20240502;100407;1236;301;10255752516;S
20240502;100407;1236.2;1;10255752619;B
20240502;100408;1236.2;2;10255752749;B
20240502;100410;1236;1;10255753011;S
20240502;100410;1236.2;1;10255753049;B
20240502;100413;1236.2;6;10255753554;B
20240502;100413;1236.2;4;10255753555;B
20240502;100414;1236;18;10255753747;S
20240502;100415;1236;380;10255754078;S
20240502;100415;1236;20;10255754079;S
20240502;100416;1236;1;10255754120;S
20240502;100419;1236.2;4;10255754782;B
20240502;100421;1236.2;12;10255755123;B
20240502;100421;1236.2;30;10255755168;B
20240502;100422;1236;1;10255755326;S
20240502;100422;1236;300;10255755327;S
20240502;100422;1236;10;10255755328;S
20240502;100422;1236;1;10255755329;S
20240502;100422;1236;1;10255755330;S
20240502;100422;1236;30;10255755331;S
20240502;100423;1235.8;1;10255755716;S
20240502;100423;1235.8;13;10255755717;S
20240502;100423;1235.8;2;10255755718;S
20240502;100423;1235.8;1;10255755719;S
20240502;100424;1236;2;10255755831;B
20240502;100425;1236;1;10255756154;B
20240502;100427;1235.8;1;10255756429;S
20240502;100427;1235.6;16;10255756430;S
20240502;100427;1235.6;5;10255756431;S
20240502;100427;1235.6;5;10255756432;S
20240502;100427;1235.6;2;10255756433;S
20240502;100427;1235.6;52;10255756434;S
20240502;100427;1235.4;80;10255756435;S
20240502;100427;1235.4;100;10255756436;S
20240502;100427;1235.4;39;10255756437;S
20240502;100434;1235.4;1;10255757710;B
20240502;100436;1235.4;14;10255757984;B
20240502;100442;1235.4;1;10255759054;B
20240502;100443;1235.2;1000;10255759297;S
20240502;100444;1235.4;1;10255759405;B
20240502;100445;1235.4;1;10255759456;B
20240502;100446;1235.2;1;10255759645;S
20240502;100447;1235.2;32;10255759766;S
20240502;100447;1235.2;301;10255759770;S
20240502;100450;1235.4;1;10255760197;B
20240502;100450;1235.2;50;10255760287;S
20240502;100450;1235.2;1;10255760356;S
20240502;100453;1235.2;1;10255760883;S
20240502;100454;1235.4;1;10255761009;B
20240502;100456;1235.4;2;10255761181;B
20240502;100456;1235.4;2;10255761220;B
20240502;100456;1235.4;6;10255761282;B
20240502;100457;1235.4;1;10255761482;B
20240502;100458;1235.2;5;10255761617;S
20240502;100502;1235.2;1;10255762351;S
20240502;100507;1235.2;300;10255763303;S
20240502;100507;1235.2;14;10255763304;S
20240502;100507;1235.2;1;10255763437;S
20240502;100507;1235.2;1;10255763438;S
20240502;100508;1235.2;1;10255763512;S
20240502;100509;1235.4;1;10255763984;B
20240502;100510;1235.4;3;10255764070;B
20240502;100511;1235.4;53;10255764382;B
20240502;100513;1235.2;1;10255764617;S
20240502;100513;1235.4;2;10255764625;B
20240502;100514;1235.4;2;10255764849;B
20240502;100514;1235.4;1;10255764876;B
20240502;100517;1235.4;10;10255765288;B
20240502;100519;1235.4;4;10255765676;B
20240502;100519;1235.4;16;10255765677;B
20240502;100519;1235.4;5;10255765678;B
20240502;100523;1235.4;44;10255766201;B
20240502;100524;1235.6;13;10255766325;B
20240502;100524;1235.6;10;10255766326;B
20240502;100524;1235.6;20;10255766327;B
20240502;100526;1235.6;4;10255766679;B
20240502;100526;1235.4;4;10255766728;S
20240502;100527;1235.4;64;10255766790;S
20240502;100527;1235.4;50;10255766791;S
20240502;100527;1235.4;10;10255766792;S
20240502;100527;1235.2;17;10255766793;S
20240502;100527;1235.2;1;10255766794;S
20240502;100527;1235.2;159;10255766795;S
20240502;100530;1235.4;1;10255767449;B
20240502;100531;1235.2;1000;10255767613;S
20240502;100535;1235.2;2;10255768349;S
20240502;100538;1235.4;50;10255768744;B
20240502;100538;1235.2;139;10255768758;S
20240502;100538;1235.2;1;10255768759;S
20240502;100538;1235.2;30;10255768760;S
20240502;100538;1235.2;10;10255768761;S
20240502;100538;1235.2;13;10255768762;S
20240502;100538;1235.2;10;10255768763;S
20240502;100538;1235;9;10255768764;S
20240502;100543;1235;10;10255769635;S
20240502;100544;1235;1;10255769837;S
20240502;100544;1235;10;10255769838;S
20240502;100544;1235;2;10255769839;S
20240502;100544;1235;5;10255769840;S
20240502;100544;1235;2;10255769841;S
20240502;100544;1235;10;10255769842;S
20240502;100544;1235;1;10255769843;S
20240502;100544;1234.8;1;10255769844;S
20240502;100544;1234.8;6;10255769845;S
20240502;100544;1234.8;1;10255769846;S
20240502;100544;1234.8;114;10255769847;S
20240502;100544;1234.8;80;10255769848;S
20240502;100544;1234.8;1;10255769849;S
20240502;100544;1234.8;50;10255769850;S
20240502;100544;1234.8;116;10255769851;S
20240502;100545;1234.8;2;10255769953;S
20240502;100547;1235;1;10255770283;S
20240502;100555;1234.8;78;10255771613;S
20240502;100555;1234.6;109;10255771614;S
20240502;100555;1234.6;80;10255771615;S
20240502;100555;1234.6;1;10255771616;S
20240502;100555;1234.6;57;10255771617;S
20240502;100555;1234.6;54;10255771618;S
20240502;100555;1234.4;40;10255771619;S
20240502;100555;1234.4;113;10255771620;S
20240502;100555;1234.4;80;10255771621;S
20240502;100555;1234.4;145;10255771622;S
20240502;100555;1234.4;116;10255771623;S
20240502;100555;1234.2;27;10255771624;S
20240502;100555;1234.2;1;10255771625;S
20240502;100555;1234.2;20;10255771626;S
20240502;100555;1234.2;115;10255771627;S
20240502;100555;1234.2;1720;10255771628;S
20240502;100555;1234.2;1;10255771629;S
20240502;100555;1234.2;50;10255771630;S
20240502;100555;1234.2;61;10255771631;S
20240502;100555;1234.2;13;10255771632;S
20240502;100555;1234;9;10255771633;S
20240502;100555;1234;1410;10255771634;S
20240502;100555;1234.2;60;10255771653;S
20240502;100556;1234.2;1;10255771891;B
20240502;100556;1234;1590;10255771924;S
20240502;100556;1234;10;10255771925;S
20240502;100556;1234;5;10255771926;S
20240502;100556;1234;1;10255771927;S
20240502;100556;1234;117;10255771928;S
20240502;100556;1234;500;10255771929;S
20240502;100556;1234;1;10255771930;S
20240502;100556;1234;10;10255771931;S
20240502;100556;1234;13;10255771932;S
20240502;100556;1234;1;10255771933;S
20240502;100556;1234;1;10255771934;S
20240502;100556;1234;80;10255771935;S
20240502;100556;1234;1000;10255771936;S
20240502;100556;1233.8;67;10255771937;S
20240502;100556;1233.8;48;10255771938;S
20240502;100556;1233.8;69;10255771939;S
20240502;100556;1233.8;21;10255771940;S
20240502;100556;1233.8;90;10255771941;S
20240502;100556;1233.6;120;10255771942;S
20240502;100556;1233.6;50;10255771943;S
20240502;100556;1233.6;40;10255771944;S
20240502;100556;1233.4;79;10255771945;S
20240502;100556;1233.4;1;10255771946;S
20240502;100556;1233.4;62;10255771947;S
20240502;100556;1233.6;6;10255771948;B
20240502;100556;1233.8;1;10255771963;B
20240502;100556;1233.4;126;10255771965;S
20240502;100556;1233.2;4;10255771966;S
20240502;100556;1233.2;114;10255771967;S
20240502;100556;1233.2;1;10255771968;S
20240502;100556;1233;2;10255771969;S
20240502;100556;1233;3;10255771970;S
20240502;100556;1233;1;10255771971;S
20240502;100556;1233;1;10255771972;S
20240502;100556;1233;48;10255771973;S
20240502;100556;1233;6;10255771990;S
20240502;100557;1233.2;2;10255772011;B
20240502;100557;1233.2;11;10255772062;B
20240502;100557;1233;400;10255772063;S
20240502;100557;1233;3;10255772107;S
20240502;100604;1233;43;10255773253;S
20240502;100604;1233;12;10255773254;S
20240502;100604;1233;109;10255773255;S
20240502;100604;1233;1;10255773256;S
20240502;100604;1233;10;10255773257;S
20240502;100604;1233;1;10255773258;S
20240502;100604;1233;15;10255773259;S
20240502;100604;1233;1;10255773260;S
20240502;100604;1233;1;10255773261;S
20240502;100604;1233;4;10255773262;S
20240502;100604;1233;3;10255773263;S
20240502;100606;1233;1;10255773516;S
20240502;100607;1233;1;10255773736;S
20240502;100608;1233.2;5;10255773795;B
20240502;100609;1233.2;54;10255774040;B
20240502;100609;1233.2;1;10255774132;S
20240502;100610;1233.2;18;10255774333;S
20240502;100612;1233.4;1;10255774598;B
20240502;100612;1233.4;1;10255774603;B
20240502;100614;1233.2;1;10255774925;S
20240502;100615;1233.2;76;10255775173;S
20240502;100615;1233;45;10255775174;S
20240502;100615;1233;29;10255775175;S
20240502;100617;1233;1;10255775546;S
20240502;100618;1233.2;1;10255775714;B
20240502;100619;1233.2;1;10255775797;B
20240502;100619;1233;1;10255775913;S
20240502;100619;1233;1;10255775914;S
20240502;100624;1233.2;1;10255776749;B
20240502;100627;1233.4;11;10255777193;B
20240502;100627;1233.4;7;10255777194;B
20240502;100627;1233.2;2;10255777289;S
20240502;100629;1233.2;1;10255777602;S
20240502;100630;1233.2;1;10255777866;S
20240502;100633;1233.2;1;10255778397;S
20240502;100636;1233.2;28;10255779075;S
20240502;100636;1233.2;52;10255779076;S
20240502;100636;1233.6;3;10255779109;B
20240502;100636;1233.2;14;10255779161;S
20240502;100636;1233.2;15;10255779162;S
20240502;100636;1233.6;10;10255779172;B
20240502;100636;1233.6;10;10255779173;B
20240502;100638;1233.6;1;10255779391;B
20240502;100640;1233.6;1;10255779844;B
20240502;100640;1233.6;12;10255779863;B
20240502;100647;1233.6;2;10255780876;B
20240502;100647;1233.6;50;10255780877;B
20240502;100647;1233.8;600;10255780878;B
20240502;100647;1233.8;10;10255780879;B
20240502;100647;1233.8;6;10255780880;B
20240502;100647;1234;3;10255780881;B
20240502;100647;1234;61;10255780882;B
20240502;100647;1234;1;10255780883;B
20240502;100647;1234;145;10255780884;B
20240502;100647;1234.2;80;10255780885;B
20240502;100647;1234.2;62;10255780886;B
20240502;100647;1234.4;80;10255780887;B
20240502;100647;1234.4;40;10255780888;B
20240502;100647;1234.4;230;10255780889;B
20240502;100647;1234.6;80;10255780890;B
20240502;100647;1234.6;671;10255780891;B
20240502;100647;1234.6;76;10255780892;B
20240502;100650;1234;40;10255781289;S
20240502;100651;1234.8;1;10255781552;B
20240502;100652;1234;57;10255781666;S
20240502;100657;1234.8;2;10255782413;B
20240502;100700;1234.2;1;10255782741;S
20240502;100700;1234.2;50;10255782742;S
20240502;100700;1234;19;10255782743;S
20240502;100701;1234;1;10255782855;S
20240502;100701;1234;11;10255782860;S
20240502;100701;1233.8;13;10255782861;S
20240502;100701;1233.6;26;10255782862;S
20240502;100703;1233.8;1;10255783149;B
20240502;100705;1233.8;1;10255783400;B
20240502;100705;1233.4;51;10255783450;S
20240502;100706;1233.8;31;10255783545;B
20240502;100711;1233.8;2;10255784381;B
20240502;100712;1233.8;1;10255784524;B
20240502;100712;1233.8;8;10255784525;B
20240502;100716;1233.6;1;10255785157;S
20240502;100718;1233.8;2;10255785296;B
20240502;100718;1234;6;10255785297;B
20240502;100719;1233.8;1;10255785529;S
20240502;100719;1233.6;4;10255785530;S
20240502;100722;1234;7;10255785898;B
20240502;100722;1234;98;10255785899;B
20240502;100722;1234;162;10255785900;B
20240502;100722;1234;48;10255785901;B
20240502;100722;1234.2;1;10255785946;B
20240502;100722;1234;10;10255785980;S
20240502;100723;1234.2;43;10255786121;B
20240502;100725;1234.2;56;10255786381;S
20240502;100728;1234.2;2;10255786829;S
20240502;100729;1234.4;1;10255786906;B
20240502;100731;1234.2;5;10255787262;S
20240502;100733;1234.6;7;10255787575;B
20240502;100733;1234.6;1;10255787645;B
20240502;100733;1234.4;4;10255787668;S
20240502;100734;1234.4;41;10255787791;S
20240502;100734;1234.4;47;10255787792;S
20240502;100734;1234.2;42;10255787793;S
20240502;100736;1234.6;4;10255788044;B
20240502;100737;1234.4;1;10255788186;S
20240502;100737;1234.2;113;10255788187;S
20240502;100737;1234.2;98;10255788188;S
20240502;100737;1234.2;61;10255788189;S
20240502;100737;1234.2;117;10255788190;S
20240502;100737;1234.2;1;10255788191;S
20240502;100737;1234.2;1;10255788192;S
20240502;100737;1234.2;47;10255788193;S
20240502;100737;1234.2;1;10255788209;B
20240502;100738;1234;150;10255788337;S
20240502;100738;1234.2;3;10255788376;B
20240502;100739;1234.2;1;10255788511;B
20240502;100740;1234.2;1;10255788631;B
20240502;100741;1234.2;55;10255788863;B
20240502;100741;1234.2;95;10255788864;B
20240502;100741;1234.6;10;10255788872;B
20240502;100743;1234.2;5;10255789162;S
20240502;100746;1234.2;93;10255789713;S
20240502;100746;1234.2;7;10255789714;S
20240502;100747;1234.2;35;10255789752;S
20240502;100747;1234.6;2;10255789769;B
20240502;100747;1234.6;6;10255789864;B
20240502;100750;1234.6;2;10255790365;B
20240502;100751;1234.4;50;10255790445;S
20240502;100751;1234.2;80;10255790446;S
20240502;100751;1234.4;130;10255790564;S
20240502;100752;1234.6;2;10255790729;B
20240502;100752;1234.6;9;10255790800;B
20240502;100753;1234.6;2;10255790860;B
20240502;100753;1234.2;7;10255790893;S
20240502;100756;1234.2;1;10255791522;S
20240502;100758;1234.2;4;10255791728;S
20240502;100800;1234.4;46;10255792170;B
20240502;100800;1234.4;128;10255792171;B
20240502;100800;1234.6;36;10255792172;B
20240502;100800;1234.6;10;10255792173;B
20240502;100800;1234.6;130;10255792174;B
20240502;100800;1234.6;61;10255792175;B
20240502;100800;1234.6;185;10255792176;B
20240502;100800;1234.8;100;10255792177;B
20240502;100800;1234.8;81;10255792178;B
20240502;100800;1234.8;223;10255792179;B
20240502;100801;1234.8;1;10255792315;B
20240502;100802;1234.6;1;10255792489;B
20240502;100805;1234.6;10;10255792865;B
20240502;100806;1234.4;1;10255792972;S
20240502;100807;1234.6;1;10255793284;B
20240502;100808;1234.6;2;10255793353;B
20240502;100810;1234.4;1;10255793630;S
20240502;100811;1234.4;1;10255793795;S
20240502;100812;1234.6;17;10255793898;B
20240502;100819;1234.6;1;10255794945;B
20240502;100819;1234.6;1;10255794946;B
20240502;100819;1234.6;1;10255794947;B
20240502;100819;1234.6;1;10255794948;B
20240502;100819;1234.6;1;10255794949;B
20240502;100819;1234.6;46;10255794950;B
20240502;100819;1234.6;1;10255794951;B
20240502;100819;1234.6;1;10255794952;B
20240502;100819;1234.6;35;10255794953;B
20240502;100821;1234.6;400;10255795123;B
20240502;100825;1234.4;75;10255795720;S
20240502;100826;1234.4;6;10255795767;S
20240502;100827;1234.4;10;10255795980;S
20240502;100832;1234.6;20;10255796841;B
20240502;100832;1234.4;20;10255796856;S
20240502;100834;1234.6;140;10255797056;B
20240502;100834;1234.6;46;10255797057;B
20240502;100834;1234.8;1;10255797058;B
20240502;100835;1234.6;130;10255797157;S
20240502;100835;1234.6;130;10255797294;S
20240502;100835;1234.8;1;10255797408;B
20240502;100837;1234.8;2;10255797741;B
20240502;100837;1234.8;1;10255797767;B
20240502;100840;1234.8;3;10255798266;B
20240502;100842;1234.6;1;10255798806;S
20240502;100846;1234.6;237;10255799258;S
20240502;100846;1234.6;231;10255799259;S
20240502;100846;1234.6;85;10255799260;S
20240502;100846;1234.6;98;10255799261;S
20240502;100846;1234.6;162;10255799262;S
20240502;100846;1234.4;1;10255799263;S
20240502;100846;1234.4;1;10255799264;S
20240502;100846;1234.4;2;10255799265;S
20240502;100846;1234.4;7;10255799266;S
20240502;100846;1234.4;1;10255799267;S
20240502;100846;1234.4;1;10255799268;S
20240502;100846;1234.4;152;10255799269;S
20240502;100846;1234.2;97;10255799270;S
20240502;100846;1234.2;1;10255799271;S
20240502;100846;1234.2;100;10255799272;S
20240502;100846;1234.2;10;10255799273;S
20240502;100846;1234.2;37;10255799274;S
20240502;100846;1234.2;50;10255799275;S
20240502;100846;1234.2;18;10255799276;S
20240502;100846;1234.4;3;10255799340;B
20240502;100847;1234.2;1;10255799428;S
20240502;100847;1234.2;2;10255799495;S
20240502;100848;1234.2;1;10255799545;S
20240502;100848;1234.2;1;10255799555;S
20240502;100848;1234.2;2;10255799642;S
20240502;100848;1234;128;10255799643;S
20240502;100849;1234;130;10255799827;S
20240502;100850;1234.2;1;10255800112;B
20240502;100853;1234;1;10255800480;S
20240502;100853;1234.2;2;10255800485;B
20240502;100854;1234;1;10255800535;S
20240502;100854;1234;1;10255800607;S
20240502;100854;1234;1;10255800608;S
20240502;100855;1234.2;1;10255800632;B
20240502;100856;1234;1;10255800776;S
20240502;100856;1234;4;10255800777;S
20240502;100856;1234;1;10255800778;S
20240502;100856;1234;1;10255800866;S
20240502;100856;1234;1;10255800867;S
20240502;100856;1234;3;10255800868;S
20240502;100856;1234;1;10255800874;S
20240502;100856;1234;1;10255800885;S
20240502;100856;1234;2;10255801076;S
20240502;100856;1234;2;10255801077;S
20240502;100856;1234;8;10255801078;S
20240502;100856;1234;1;10255801079;S
20240502;100857;1234;1;10255801106;S
20240502;100857;1234;1;10255801107;S
20240502;100857;1234;2;10255801108;S
20240502;100857;1234;1;10255801119;S
20240502;100857;1234;2;10255801172;S
20240502;100857;1234;2;10255801173;S
20240502;100857;1234;5;10255801174;S
20240502;100857;1234;1;10255801186;S
20240502;100857;1234;1;10255801187;S
20240502;100857;1234;3;10255801188;S
20240502;100857;1234;1;10255801229;S
20240502;100857;1234;1;10255801230;S
20240502;100857;1234;3;10255801231;S
20240502;100857;1234;2;10255801283;S
20240502;100857;1234;1;10255801284;S
20240502;100857;1234;4;10255801285;S
20240502;100857;1234;1;10255801323;S
20240502;100857;1234;1;10255801324;S
20240502;100858;1234;4;10255801441;S
20240502;100858;1234;14;10255801442;S
20240502;100858;1234;1;10255801443;S
20240502;100859;1234.2;1;10255801641;B
20240502;100859;1234;4;10255801642;S
20240502;100859;1234;3;10255801643;S
20240502;100859;1234;5;10255801644;S
20240502;100902;1234;1;10255802162;S
20240502;100902;1234;1;10255802163;S
20240502;100902;1234;4;10255802164;S
20240502;100902;1234;14;10255802175;S
20240502;100903;1234.2;1;10255802374;B
20240502;100906;1234.2;19;10255802713;B
20240502;100906;1234.2;25;10255802848;B
20240502;100907;1234;69;10255802988;S
20240502;100907;1234;31;10255802989;S
20240502;100907;1234;10;10255802990;S
20240502;100907;1234;20;10255802991;S
20240502;100907;1234;1;10255803070;S
20240502;100907;1234;2;10255803071;S
20240502;100907;1234;1;10255803073;S
20240502;100907;1234;1;10255803113;S
20240502;100907;1234;1;10255803114;S
20240502;100907;1234;1;10255803123;S
20240502;100907;1234;1;10255803203;S
20240502;100908;1234;20;10255803248;S
20240502;100908;1234;1;10255803250;S
20240502;100908;1234;2;10255803251;S
20240502;100908;1234.2;2;10255803309;B
20240502;100908;1234;1;10255803382;S
20240502;100908;1234;3;10255803383;S
20240502;100909;1234.2;1;10255803455;B
20240502;100910;1234.2;1;10255803880;B
20240502;100910;1234;6;10255803881;S
20240502;100910;1234;18;10255803882;S
20240502;100910;1234;6;10255803883;S
20240502;100910;1234.2;8;10255803887;B
20240502;100910;1234.2;2;10255803888;B
20240502;100910;1234.2;46;10255803889;B
20240502;100910;1234.2;98;10255803890;B
20240502;100910;1234.2;52;10255803891;B
20240502;100910;1234.2;93;10255803893;B
20240502;100910;1234.2;120;10255803894;B
20240502;100911;1234;1;10255803942;S
20240502;100911;1234;2;10255803943;S
20240502;100912;1234.2;1;10255804113;B
20240502;100912;1234;12;10255804225;S
20240502;100912;1234;13;10255804226;S
20240502;100912;1234;5;10255804227;S
20240502;100914;1234;1;10255804541;S
20240502;100916;1234;1;10255804894;S
20240502;100917;1234.2;1;10255804983;B
20240502;100918;1234;1;10255805130;S
20240502;100920;1234.2;1;10255805316;B
20240502;100921;1234;2;10255805455;S
20240502;100921;1234;2;10255805456;S
20240502;100921;1234;5;10255805457;S
20240502;100921;1234;1;10255805458;S
20240502;100921;1234;1;10255805571;S
20240502;100923;1234.2;1;10255805718;B
20240502;100923;1234.2;43;10255805770;B
20240502;100923;1234;1;10255805818;S
20240502;100923;1234;1;10255805834;S
20240502;100925;1234;1;10255806026;S
20240502;100925;1234.2;31;10255806037;B
20240502;100925;1234;1;10255806093;S
20240502;100925;1234;1;10255806094;S
20240502;100926;1234;1;10255806233;S
20240502;100926;1234;1;10255806234;S
20240502;100926;1234.2;1;10255806244;B
20240502;100927;1234;1;10255806323;S
20240502;100928;1234;2;10255806524;S
20240502;100928;1234;1;10255806525;S
20240502;100928;1234;2;10255806546;S
20240502;100928;1234;10;10255806547;S
20240502;100928;1234;5;10255806548;S
20240502;100928;1234;1;10255806549;S
20240502;100928;1233.8;2;10255806550;S
20240502;100928;1233.8;50;10255806551;S
20240502;100928;1233.6;29;10255806552;S
20240502;100930;1234;1;10255806940;B
20240502;100931;1234;1;10255807136;B
20240502;100931;1234;1;10255807148;B
20240502;100939;1234;2;10255808514;B
20240502;100951;1234;5;10255810650;B
20240502;100951;1233.8;2;10255810672;S
20240502;100951;1233.6;48;10255810673;S
20240502;100951;1233.6;1;10255810736;S
20240502;100952;1233.8;1;10255810785;B
20240502;100955;1233.8;5;10255811213;B
20240502;100958;1233.8;1;10255811682;B
20240502;100958;1233.6;22;10255811717;S
20240502;100958;1233.6;1;10255811718;S
20240502;100958;1233.6;27;10255811719;S
20240502;101004;1233.8;1;10255812837;B
20240502;101004;1233.8;1;10255812963;B
20240502;101005;1233.6;1;10255813092;S
20240502;101007;1233.8;1;10255813447;B
20240502;101008;1233.8;100;10255813538;B
20240502;101008;1233.8;61;10255813560;B
20240502;101008;1233.8;39;10255813561;B
20240502;101008;1233.8;11;10255813562;B
20240502;101008;1233.8;162;10255813563;B
20240502;101008;1233.8;6;10255813565;S
20240502;101008;1233.8;5;10255813566;S
20240502;101009;1234;4;10255813781;B
20240502;101009;1234;6;10255813782;B
20240502;101011;1234;92;10255814187;B
20240502;101011;1234;12;10255814188;B
20240502;101012;1234;1;10255814245;B
20240502;101013;1234;1;10255814411;B
20240502;101013;1234;10;10255814469;B
20240502;101014;1233.8;1;10255814644;S
20240502;101015;1233.8;7;10255814735;S
20240502;101017;1234;1;10255815145;B
20240502;101017;1233.8;8;10255815197;S
20240502;101017;1233.6;12;10255815198;S
20240502;101018;1233.8;1;10255815319;B
20240502;101019;1233.8;1;10255815439;B
20240502;101019;1233.8;4;10255815502;B
20240502;101020;1233.8;5;10255815573;B
20240502;101021;1233.8;1;10255815738;B
20240502;101022;1233.6;60;10255815792;S
20240502;101022;1233.6;3;10255815793;S
20240502;101022;1233.6;1;10255815794;S
20240502;101022;1233.6;1;10255815795;S
20240502;101022;1233.6;33;10255815796;S
20240502;101022;1233.4;1;10255815797;S
20240502;101022;1233.4;19;10255815798;S
20240502;101022;1233.4;1;10255815799;S
20240502;101022;1233.4;13;10255815800;S
20240502;101022;1233.4;32;10255815801;S
20240502;101022;1233.4;97;10255815802;S
20240502;101022;1233.2;50;10255815803;S
20240502;101022;1233.2;50;10255815804;S
20240502;101022;1233.2;50;10255815805;S
20240502;101022;1233.2;78;10255815806;S
20240502;101022;1233.2;7;10255815807;S
20240502;101022;1233.2;5;10255815808;S
20240502;101022;1233.2;20;10255815809;S
20240502;101022;1233.2;228;10255815810;S
20240502;101022;1233;18;10255815811;S
20240502;101022;1233;1;10255815812;S
20240502;101022;1233;1;10255815813;S
20240502;101022;1233;1;10255815814;S
20240502;101022;1233;100;10255815815;S
20240502;101022;1233;1;10255815816;S
20240502;101022;1233;1;10255815817;S
20240502;101022;1233;20;10255815818;S
20240502;101022;1233;1;10255815819;S
20240502;101022;1233;107;10255815820;S
20240502;101022;1233;36;10255815827;S
20240502;101022;1233;3;10255815853;S
20240502;101023;1233;228;10255815994;S
20240502;101025;1233.2;5;10255816256;B
20240502;101027;1233.2;30;10255816463;B
20240502;101027;1233.2;1;10255816530;B
20240502;101029;1233;126;10255816733;S
20240502;101029;1233;1;10255816734;S
20240502;101029;1233;1;10255816735;S
20240502;101029;1233;10;10255816736;S
20240502;101029;1233;5;10255816737;S
20240502;101029;1233;2;10255816738;S
20240502;101029;1233;1;10255816739;S
20240502;101029;1233;1;10255816740;S
20240502;101029;1233;5;10255816741;S
20240502;101029;1233;1;10255816742;S
20240502;101029;1232.8;2;10255816743;S
20240502;101029;1232.8;1;10255816744;S
20240502;101029;1232.8;2;10255816745;S
20240502;101029;1232.8;10;10255816746;S
20240502;101029;1232.8;32;10255816747;S
20240502;101029;1233;61;10255816748;B
20240502;101029;1233.2;1;10255816803;B
20240502;101029;1233.2;1;10255816817;B
20240502;101030;1233.2;5;10255816902;B
20240502;101030;1233.2;13;10255816903;B
20240502;101030;1233.2;61;10255816904;B
20240502;101030;1233.2;44;10255816905;B
20240502;101030;1233.2;37;10255816906;B
20240502;101032;1233;39;10255817144;S
20240502;101033;1233;1;10255817235;B
20240502;101033;1232.8;5;10255817266;S
20240502;101037;1232.8;1;10255817967;S
20240502;101037;1232.8;2;10255817968;S
20240502;101037;1232.8;20;10255817969;S
20240502;101037;1232.8;1;10255817970;S
20240502;101037;1232.6;6;10255817971;S
20240502;101037;1232.8;11;10255818005;B
20240502;101039;1232.6;1;10255818354;S
20240502;101039;1232.8;21;10255818358;B
20240502;101040;1232.6;13;10255818479;S
20240502;101040;1232.6;1;10255818480;S
20240502;101040;1232.6;49;10255818481;S
20240502;101040;1232.4;10;10255818482;S
20240502;101040;1232.4;1;10255818483;S
20240502;101040;1232.4;1;10255818484;S
20240502;101040;1232.4;11;10255818485;S
20240502;101042;1232.8;8;10255818864;B
20240502;101043;1232.8;12;10255819079;B
20240502;101044;1232.4;139;10255819168;S
20240502;101044;1232.4;1;10255819169;S
20240502;101044;1232.4;5;10255819170;S
20240502;101044;1232.4;2;10255819171;S
20240502;101044;1232.4;81;10255819172;S
20240502;101044;1232.4;13;10255819173;S
20240502;101044;1232.4;49;10255819174;S
20240502;101044;1232.2;1;10255819175;S
20240502;101044;1232.2;1;10255819176;S
20240502;101044;1232.2;500;10255819177;S
20240502;101044;1232.2;5;10255819178;S
20240502;101044;1232.2;1;10255819179;S
20240502;101044;1232.2;1;10255819180;S
20240502;101044;1232.2;5;10255819181;S
20240502;101044;1232.2;1;10255819182;S
20240502;101044;1232.2;40;10255819183;S
20240502;101044;1232.2;81;10255819184;S
20240502;101044;1232.2;145;10255819185;S
20240502;101044;1232.2;61;10255819186;S
20240502;101044;1232.2;43;10255819187;S
20240502;101044;1232;1;10255819188;S
20240502;101044;1232;1;10255819189;S
20240502;101044;1232;3;10255819190;S
20240502;101044;1232;20;10255819191;S
20240502;101044;1232;1;10255819192;S
20240502;101044;1232;350;10255819193;S
20240502;101044;1232;25;10255819194;S
20240502;101044;1232;5;10255819195;S
20240502;101044;1232;250;10255819196;S
20240502;101044;1232;2;10255819197;S
20240502;101044;1232;20;10255819198;S
20240502;101044;1232;5;10255819199;S
20240502;101044;1232;10;10255819200;S
20240502;101044;1232;4;10255819201;S
20240502;101044;1232;14;10255819202;S
20240502;101044;1232;100;10255819203;S
20240502;101044;1232;10;10255819204;S
20240502;101044;1232;1;10255819205;S
20240502;101044;1232;100;10255819206;S
20240502;101044;1232;20;10255819207;S
20240502;101044;1232;12;10255819208;S
20240502;101044;1232;10;10255819209;S
20240502;101044;1232;1;10255819210;S
20240502;101044;1232;1;10255819211;S
20240502;101044;1232;10;10255819212;S
20240502;101044;1232;81;10255819213;S
20240502;101044;1231.8;5;10255819214;S
20240502;101044;1231.8;2;10255819215;S
20240502;101044;1231.8;2;10255819216;S
20240502;101044;1231.8;1;10255819217;S
20240502;101044;1231.8;10;10255819218;S
20240502;101044;1231.8;2;10255819219;S
20240502;101044;1231.6;5;10255819220;S
20240502;101044;1231.6;2;10255819221;S
20240502;101044;1231.6;1;10255819222;S
20240502;101044;1231.6;600;10255819223;S
20240502;101044;1231.6;108;10255819224;S
20240502;101044;1231.4;1;10255819225;S
20240502;101044;1231.4;2;10255819226;S
20240502;101044;1231.4;59;10255819227;S
20240502;101044;1231.4;20;10255819228;S
20240502;101044;1231.4;1;10255819229;S
20240502;101044;1231.4;1;10255819230;S
20240502;101044;1231.4;3;10255819231;S
20240502;101044;1231.4;173;10255819232;S
20240502;101044;1232;13;10255819233;B
20240502;101044;1232.2;87;10255819234;B
20240502;101044;1232;1;10255819261;B
20240502;101044;1232;10;10255819262;B
20240502;101044;1232;2;10255819263;B
20240502;101044;1231.6;30;10255819265;S
20240502;101044;1231.6;40;10255819333;S
20240502;101044;1231.6;1;10255819334;S
20240502;101044;1231.6;10;10255819378;S
20240502;101044;1231.6;120;10255819379;S
20240502;101045;1231.8;1;10255819405;B
20240502;101045;1231.6;13;10255819430;S
20240502;101045;1231.4;81;10255819431;S
20240502;101045;1231.4;61;10255819432;S
20240502;101045;1231.2;2;10255819433;S
20240502;101045;1231.2;1;10255819434;S
20240502;101045;1231.2;5;10255819435;S
20240502;101045;1231.2;2;10255819436;S
20240502;101045;1231.2;25;10255819437;S
20240502;101045;1231.4;61;10255819454;S
20240502;101045;1231.2;15;10255819455;S
20240502;101045;1231.2;2;10255819456;S
20240502;101045;1231.2;68;10255819457;S
20240502;101047;1231.2;313;10255819684;S
20240502;101047;1231.2;1;10255819685;S
20240502;101047;1231.2;81;10255819686;S
20240502;101047;1231.2;114;10255819687;S
20240502;101047;1231.2;146;10255819688;S
20240502;101047;1231.2;61;10255819689;S
20240502;101047;1231.2;42;10255819690;S
20240502;101047;1231;10;10255819691;S
20240502;101047;1231;1;10255819692;S
20240502;101047;1231;1;10255819693;S
20240502;101047;1231;1;10255819694;S
20240502;101047;1231;1;10255819695;S
20240502;101047;1231;1;10255819696;S
20240502;101047;1231;2;10255819697;S
20240502;101047;1231;23;10255819698;S
20240502;101047;1231;2;10255819699;S
20240502;101047;1231;5;10255819700;S
20240502;101047;1231;3;10255819701;S
20240502;101047;1231;10;10255819702;S
20240502;101047;1231;6;10255819703;S
20240502;101047;1231;3;10255819704;S
20240502;101047;1231;1;10255819705;S
20240502;101047;1231;1;10255819706;S
20240502;101047;1231;50;10255819707;S
20240502;101047;1231;1;10255819708;S
20240502;101047;1231;1;10255819709;S
20240502;101047;1231;36;10255819710;S
20240502;101047;1231;81;10255819711;S
20240502;101047;1231;2;10255819712;S
20240502;101049;1231;11;10255820557;S
20240502;101049;1231;81;10255820558;S
20240502;101049;1231;61;10255820559;S
20240502;101049;1231;1;10255820560;S
20240502;101049;1231;2;10255820561;S
20240502;101049;1231;146;10255820562;S
20240502;101049;1231;1;10255820563;S
20240502;101049;1231;10;10255820564;S
20240502;101049;1231;2;10255820565;S
20240502;101049;1231;12;10255820566;S
20240502;101049;1231;2;10255820567;S
20240502;101049;1231;2;10255820568;S
20240502;101049;1231;4;10255820569;S
20240502;101049;1231;60;10255820570;S
20240502;101049;1231;2;10255820571;S
20240502;101049;1230.8;202;10255820572;S
20240502;101049;1230.8;1;10255820573;S
20240502;101049;1230.8;1;10255820574;S
20240502;101049;1230.8;17;10255820575;S
20240502;101049;1230.8;1;10255820576;S
20240502;101049;1230.8;25;10255820577;S
20240502;101049;1230.8;2;10255820578;S
20240502;101049;1230.8;25;10255820579;S
20240502;101049;1230.8;1;10255820580;S
20240502;101049;1230.8;40;10255820581;S
20240502;101049;1230.8;81;10255820582;S
20240502;101049;1230.8;42;10255820583;S
20240502;101049;1230.8;40;10255820584;S
20240502;101049;1230.6;202;10255820585;S
20240502;101049;1230.6;1;10255820586;S
20240502;101049;1230.6;1;10255820587;S
20240502;101049;1230.6;1;10255820588;S
20240502;101049;1230.6;81;10255820589;S
20240502;101049;1230.6;103;10255820590;S
20240502;101049;1230.8;10;10255820603;S
20240502;101050;1231.2;1;10255820763;B
20240502;101051;1230.8;10;10255820976;S
20240502;101051;1231.2;4;10255821019;B
20240502;101051;1230.8;61;10255821047;S
20240502;101051;1230.8;19;10255821048;S
20240502;101052;1231.2;8;10255821190;B
20240502;101052;1231.2;3;10255821191;B
20240502;101056;1230.8;5;10255821961;S
20240502;101057;1230.8;9;10255822061;S
20240502;101059;1231.2;13;10255822300;B
20240502;101059;1231.2;130;10255822301;B
20240502;101059;1231.4;157;10255822302;B
20240502;101059;1230.8;47;10255822350;S
20240502;101059;1230.8;8;10255822351;S
20240502;101059;1230.8;98;10255822352;S
20240502;101059;1230.8;157;10255822353;S
20240502;101059;1230.8;50;10255822354;S
20240502;101059;1230.6;65;10255822355;S
20240502;101059;1230.6;8;10255822356;S
20240502;101100;1231.2;5;10255822458;B
20240502;101102;1231.2;4;10255822804;B
20240502;101103;1231;19;10255822900;S
20240502;101105;1231;79;10255823218;S
20240502;101105;1231;41;10255823219;S
20240502;101105;1230.8;1;10255823220;S
20240502;101105;1230.8;61;10255823221;S
20240502;101105;1230.8;1;10255823222;S
20240502;101105;1230.8;1;10255823223;S
20240502;101105;1230.6;16;10255823224;S
20240502;101107;1231.2;6;10255823535;B
20240502;101108;1231.4;41;10255823629;B
20240502;101108;1231.6;237;10255823630;B
20240502;101108;1231.8;81;10255823631;B
20240502;101108;1231.8;3;10255823632;B
20240502;101108;1231.8;162;10255823633;B
20240502;101108;1231.8;98;10255823634;B
20240502;101108;1231.8;78;10255823635;B
20240502;101109;1231.6;1;10255823884;S
20240502;101109;1231.6;61;10255823885;S
20240502;101109;1231.4;38;10255823886;S
20240502;101111;1231.8;12;10255824097;B
20240502;101111;1231.2;1;10255824132;S
20240502;101111;1231.8;1;10255824209;B
20240502;101114;1231.8;1;10255824590;B
20240502;101114;1231.8;4;10255824683;B
20240502;101115;1231.8;15;10255824703;B
20240502;101116;1231.6;1;10255824835;S
20240502;101116;1231.6;30;10255824836;S
20240502;101116;1231.8;12;10255825138;B
20240502;101119;1231.8;1;10255825496;B
20240502;101120;1231.8;1;10255825689;B
20240502;101120;1231.6;1;10255825730;S
20240502;101120;1231.6;1;10255825731;S
20240502;101120;1231.6;1;10255825732;S
20240502;101120;1231.6;1;10255825733;S
20240502;101120;1231.6;1;10255825734;S
20240502;101120;1231.6;20;10255825735;S
20240502;101120;1231.4;1;10255825736;S
20240502;101120;1231.4;1;10255825737;S
20240502;101120;1231.4;1;10255825738;S
20240502;101120;1231.4;22;10255825739;S
20240502;101121;1231.8;1;10255825849;B
20240502;101123;1231.6;10;10255826063;S
20240502;101123;1231.4;39;10255826064;S
20240502;101123;1231.4;1;10255826065;S
20240502;101123;1231.2;3;10255826066;S
20240502;101123;1231.2;13;10255826067;S
20240502;101123;1231.2;1;10255826068;S
20240502;101123;1231.2;93;10255826069;S
20240502;101124;1231.6;13;10255826187;B
20240502;101127;1231.8;1;10255826735;B
20240502;101128;1231.8;14;10255826841;B
20240502;101130;1231.8;1;10255826958;B
20240502;101130;1231.6;30;10255826961;S
20240502;101130;1231.6;25;10255826962;S
20240502;101130;1231.6;100;10255826963;S
20240502;101130;1231.4;39;10255826964;S
20240502;101130;1231.4;13;10255826965;S
20240502;101130;1231.2;98;10255826966;S
20240502;101130;1231;118;10255826967;S
20240502;101130;1231;1;10255826968;S
20240502;101130;1231;4;10255826969;S
20240502;101130;1230.8;3;10255826970;S
20240502;101130;1231.6;2;10255827007;B
20240502;101131;1231;3;10255827140;S
20240502;101134;1231;95;10255827789;S
20240502;101134;1231;13;10255827790;S
20240502;101134;1231;39;10255827791;S
20240502;101134;1231;59;10255827792;S
20240502;101134;1230.8;1;10255827793;S
20240502;101134;1230.8;10;10255827794;S
20240502;101134;1230.8;162;10255827795;S
20240502;101134;1230.8;1;10255827796;S
20240502;101134;1230.8;80;10255827797;S
20240502;101134;1230.8;151;10255827798;S
20240502;101134;1230.6;30;10255827799;S
20240502;101134;1230.6;42;10255827800;S
20240502;101134;1230.6;81;10255827801;S
20240502;101134;1230.6;2;10255827802;S
20240502;101134;1230.6;284;10255827803;S
20240502;101136;1231.2;2;10255827931;B
20240502;101137;1231.2;1;10255828160;B
20240502;101138;1231.2;1;10255828325;B
20240502;101139;1231;35;10255828402;S
20240502;101139;1231;65;10255828403;S
20240502;101139;1231;39;10255828404;S
20240502;101139;1231;62;10255828405;B
20240502;101141;1231;38;10255828669;S
20240502;101141;1231;10;10255828670;S
20240502;101141;1230.8;30;10255828671;S
20240502;101141;1230.6;2;10255828672;S
20240502;101141;1231.2;5;10255828713;B
20240502;101146;1231;10;10255829320;S
20240502;101146;1231;38;10255829321;S
20240502;101146;1231;15;10255829322;S
20240502;101146;1231;1;10255829323;S
20240502;101146;1230.8;16;10255829324;S
20240502;101147;1231.2;4;10255829556;B
20240502;101147;1231.4;6;10255829557;B
20240502;101148;1231.2;13;10255829595;B
20240502;101148;1231.2;87;10255829605;S
20240502;101148;1231;38;10255829606;S
20240502;101148;1231;7;10255829607;S
20240502;101148;1230.8;68;10255829608;S
20240502;101151;1231.2;50;10255830148;S
20240502;101151;1231.2;1;10255830149;S
20240502;101153;1231.2;1;10255830505;B
20240502;101153;1231;50;10255830527;S
20240502;101155;1230.8;9;10255830723;S
20240502;101156;1231;20;10255830893;B
20240502;101158;1231;1;10255831146;B
20240502;101159;1231;3;10255831273;B
20240502;101200;1231;1;10255831416;B
20240502;101202;1231;1;10255831776;B
20240502;101203;1231;1;10255831862;B
20240502;101203;1231;5;10255831869;B
20240502;101204;1230.8;1;10255831951;S
20240502;101204;1230.8;1;10255831952;S
20240502;101204;1230.8;4;10255831953;S
20240502;101204;1230.8;1;10255831954;S
20240502;101204;1230.8;1;10255831955;S
20240502;101204;1230.8;50;10255831956;S
20240502;101204;1230.8;1;10255831957;S
20240502;101204;1230.6;129;10255831958;S
20240502;101204;1230.6;13;10255831959;S
20240502;101204;1230.6;3;10255831960;S
20240502;101204;1230.6;500;10255831961;S
20240502;101204;1230.6;190;10255831962;S
20240502;101204;1230.6;37;10255831963;S
20240502;101204;1230.4;59;10255831964;S
20240502;101204;1230.4;202;10255831965;S
20240502;101204;1230.4;1;10255831966;S
20240502;101204;1230.4;1;10255831967;S
20240502;101204;1230.4;2;10255831968;S
20240502;101204;1230.4;5;10255831969;S
20240502;101204;1230.4;30;10255831970;S
20240502;101204;1230.4;4;10255831971;S
20240502;101204;1230.4;1;10255831972;S
20240502;101204;1230.4;81;10255831973;S
20240502;101204;1230.4;10;10255831974;S
20240502;101204;1230.4;1;10255831975;S
20240502;101204;1230.4;500;10255831976;S
20240502;101204;1230.4;146;10255831977;S
20240502;101204;1230.2;202;10255831978;S
20240502;101204;1230.2;2;10255831979;S
20240502;101204;1230.2;10;10255831980;S
20240502;101204;1230.2;5;10255831981;S
20240502;101204;1230.2;1;10255831982;S
20240502;101204;1230.2;2;10255831983;S
20240502;101204;1230.2;4;10255831984;S
20240502;101204;1230.2;4;10255831985;S
20240502;101204;1230.2;1;10255831986;S
20240502;101204;1230.2;10;10255831987;S
20240502;101204;1230.2;3;10255831988;S
20240502;101204;1230.2;10;10255831989;S
20240502;101204;1230.2;19;10255831990;S
20240502;101204;1230.2;10;10255831991;S
20240502;101204;1230.2;500;10255831992;S
20240502;101204;1230.2;1;10255831993;S
20240502;101204;1230.2;1;10255831994;S
20240502;101204;1230.2;14;10255831995;S
20240502;101204;1230.2;1;10255831996;S
20240502;101204;1230.2;5;10255831997;S
20240502;101204;1230.2;81;10255831998;S
20240502;101204;1230.2;500;10255831999;S
20240502;101204;1230.2;1;10255832000;S
20240502;101204;1230.2;90;10255832001;S
20240502;101204;1230.6;130;10255832072;B
20240502;101204;1230.6;37;10255832073;B
20240502;101204;1230.8;13;10255832074;B
20240502;101204;1230.8;20;10255832075;B
20240502;101204;1230.2;70;10255832108;S
20240502;101204;1230.2;100;10255832109;S
20240502;101204;1230.2;1;10255832110;S
20240502;101204;1230.2;1;10255832111;S
20240502;101204;1230.2;28;10255832112;S
20240502;101204;1230.2;8;10255832149;S
20240502;101204;1230.2;4;10255832150;S
20240502;101204;1230.2;13;10255832151;S
20240502;101204;1230.2;5;10255832152;S
20240502;101204;1230;202;10255832153;S
20240502;101204;1230;1;10255832154;S
20240502;101204;1230;1;10255832155;S
20240502;101204;1230;5;10255832156;S
20240502;101204;1230;100;10255832157;S
20240502;101204;1230;1;10255832158;S
20240502;101204;1230;1;10255832159;S
20240502;101204;1230;101;10255832160;S
20240502;101204;1230;8;10255832161;S
20240502;101204;1230;1;10255832162;S
20240502;101204;1230;1;10255832163;S
20240502;101204;1230;1;10255832164;S
20240502;101204;1230;1;10255832165;S
20240502;101204;1230;1;10255832166;S
20240502;101204;1230;10;10255832167;S
20240502;101204;1230;18;10255832168;S
20240502;101204;1230;1;10255832169;S
20240502;101204;1230;1;10255832170;S
20240502;101204;1230;2;10255832171;S
20240502;101204;1230;1;10255832172;S
20240502;101204;1230;1;10255832173;S
20240502;101204;1230;4;10255832174;S
20240502;101204;1230;1;10255832175;S
20240502;101204;1230;5;10255832176;S
20240502;101204;1230;1;10255832177;S
20240502;101204;1230;1;10255832178;S
20240502;101204;1230;10;10255832179;S
20240502;101204;1230;1;10255832180;S
20240502;101204;1230;5;10255832181;S
20240502;101204;1230;80;10255832182;S
20240502;101204;1230;1;10255832183;S
20240502;101204;1230;1;10255832184;S
20240502;101204;1230;1;10255832185;S
20240502;101204;1230.2;6;10255832186;S
20240502;101204;1230;1;10255832187;S
20240502;101204;1230;6;10255832188;S
20240502;101204;1230;1;10255832189;S
20240502;101204;1230;30;10255832190;S
20240502;101204;1230;25;10255832191;S
20240502;101204;1230;3;10255832192;S
20240502;101204;1230;1;10255832193;S
20240502;101204;1230;8;10255832194;S
20240502;101204;1230;25;10255832195;S
20240502;101204;1230;5;10255832196;S
20240502;101204;1230;2;10255832197;S
20240502;101204;1230;50;10255832198;S
20240502;101204;1230;15;10255832199;S
20240502;101204;1230;10;10255832200;S
20240502;101204;1230;3;10255832201;S
20240502;101204;1230;5;10255832202;S
20240502;101204;1230;10;10255832203;S
20240502;101204;1230;1;10255832204;S
20240502;101204;1230;1;10255832205;S
20240502;101204;1230;50;10255832206;S
20240502;101204;1230;1;10255832207;S
20240502;101204;1230;119;10255832208;S
20240502;101204;1230;2;10255832209;S
20240502;101204;1230;1;10255832210;S
20240502;101204;1230;1;10255832211;S
20240502;101204;1230;2;10255832212;S
20240502;101204;1230;166;10255832213;S
20240502;101204;1230;5;10255832214;S
20240502;101205;1230.4;1;10255832222;B
20240502;101205;1230.2;1;10255832227;S
20240502;101205;1230;787;10255832228;S
20240502;101205;1230;6;10255832229;S
20240502;101205;1230;1;10255832230;S
20240502;101205;1230.2;1;10255832240;B
20240502;101205;1230;7;10255832241;S
20240502;101205;1230;28;10255832253;S
20240502;101205;1230;2;10255832254;S
20240502;101205;1230;2;10255832272;S
20240502;101205;1230;1;10255832273;S
20240502;101205;1230;20;10255832274;S
20240502;101205;1230;1;10255832275;S
20240502;101205;1230;1;10255832276;S
20240502;101205;1230;1;10255832277;S
20240502;101205;1230;10;10255832278;S
20240502;101205;1230;25;10255832279;S
20240502;101205;1230;10;10255832280;S
20240502;101205;1230;1;10255832281;S
20240502;101205;1230;1;10255832282;S
20240502;101205;1230;1;10255832283;S
20240502;101205;1230;7;10255832284;S
20240502;101205;1230;3;10255832285;S
20240502;101205;1230;1;10255832286;S
20240502;101205;1230;1;10255832287;S
20240502;101205;1230;2;10255832288;S
20240502;101205;1230;1;10255832289;S
20240502;101205;1230;1;10255832290;S
20240502;101205;1230;1;10255832291;S
20240502;101205;1230;2;10255832322;S
20240502;101205;1230;2;10255832323;S
20240502;101205;1230.4;10;10255832329;B
20240502;101205;1230;1;10255832357;S
20240502;101205;1230;1;10255832358;S
20240502;101205;1230;1;10255832359;S
20240502;101205;1230;1;10255832360;S
20240502;101205;1230;1;10255832361;S
20240502;101205;1230;1;10255832362;S
20240502;101205;1230;1;10255832363;S
20240502;101205;1230;1;10255832364;S
20240502;101205;1230;8;10255832365;S
20240502;101205;1230;1;10255832366;S
20240502;101205;1230;5;10255832367;S
20240502;101205;1230;2;10255832368;S
20240502;101205;1230;1;10255832369;S
20240502;101205;1230;1;10255832370;S
20240502;101205;1230;5;10255832371;S
20240502;101205;1230;20;10255832372;S
20240502;101205;1230;6;10255832373;S
20240502;101205;1230;2;10255832374;S
20240502;101205;1230;1;10255832375;S
20240502;101205;1230;25;10255832376;S
20240502;101205;1230;5;10255832377;S
20240502;101205;1230;150;10255832378;S
20240502;101205;1230;40;10255832379;S
20240502;101205;1230;100;10255832380;S
20240502;101205;1230;1;10255832381;S
20240502;101205;1230;1;10255832382;S
20240502;101205;1230;5;10255832383;S
20240502;101205;1230;2;10255832384;S
20240502;101205;1230;1;10255832385;S
20240502;101205;1230;10;10255832386;S
20240502;101205;1230;10;10255832387;S
20240502;101205;1230;7;10255832388;S
20240502;101205;1230;10;10255832389;S
20240502;101205;1230;1;10255832390;S
20240502;101205;1230;25;10255832391;S
20240502;101205;1230;40;10255832392;S
20240502;101205;1230;1;10255832393;S
20240502;101205;1230;5;10255832394;S
20240502;101205;1230;1;10255832395;S
20240502;101208;1230.4;9;10255832641;B
20240502;101208;1230.4;6;10255832819;B
20240502;101211;1230;4;10255833114;S
20240502;101211;1230;1;10255833115;S
20240502;101211;1230;1;10255833116;S
20240502;101211;1230;1;10255833117;S
20240502;101211;1230;1;10255833118;S
20240502;101211;1230;5;10255833119;S
20240502;101211;1230;2;10255833120;S
20240502;101211;1230;1;10255833121;S
20240502;101211;1230;1;10255833122;S
20240502;101211;1230;10;10255833123;S
20240502;101211;1230;20;10255833124;S
20240502;101211;1230;2;10255833125;S
20240502;101211;1230;1;10255833126;S
20240502;101211;1230;1;10255833127;S
20240502;101211;1230;1;10255833128;S
20240502;101211;1230;6;10255833129;S
20240502;101211;1230;20;10255833130;S
20240502;101211;1230;10;10255833131;S
20240502;101211;1230;3;10255833132;S
20240502;101211;1230;3;10255833133;S
20240502;101211;1230;1;10255833134;S
20240502;101211;1230;1;10255833135;S
20240502;101211;1230;1;10255833136;S
20240502;101211;1230;1;10255833137;S
20240502;101211;1230;1;10255833138;S
20240502;101211;1230;4;10255833139;S
20240502;101211;1230;1;10255833140;S
20240502;101211;1230;1;10255833141;S
20240502;101211;1230;2;10255833142;S
20240502;101211;1230;1;10255833143;S
20240502;101211;1230;4;10255833144;S
20240502;101211;1230;3;10255833145;S
20240502;101211;1230;10;10255833146;S
20240502;101211;1230;1;10255833147;S
20240502;101211;1230;1;10255833148;S
20240502;101211;1230;1;10255833149;S
20240502;101211;1230;11;10255833158;B
20240502;101212;1230;50;10255833366;B
20240502;101213;1230;3;10255833459;B
20240502;101213;1230;1;10255833489;B
20240502;101215;1230;7;10255833677;B
20240502;101215;1230;27;10255833727;S
20240502;101221;1230.4;1;10255834392;B
20240502;101224;1230;16;10255834788;S
20240502;101224;1230;84;10255834789;S
20240502;101224;1230.2;1;10255834848;S
20240502;101224;1230.2;46;10255834862;S
20240502;101224;1230.4;5;10255834953;B
20240502;101225;1230.4;7;10255835117;B
20240502;101225;1230.4;13;10255835118;B
20240502;101226;1230.2;29;10255835211;S
20240502;101226;1230.2;1;10255835212;S
20240502;101226;1230.2;13;10255835213;S
20240502;101226;1230.2;58;10255835214;S
20240502;101227;1230.2;1;10255835314;S
20240502;101227;1230.2;1;10255835315;S
20240502;101227;1230.6;1;10255835317;B
20240502;101229;1230.6;10;10255835528;B
20240502;101229;1230.4;1;10255835551;S
20240502;101231;1230.4;10;10255835806;S
20240502;101231;1230.6;2;10255835807;B
20240502;101232;1230.4;9;10255835845;S
20240502;101232;1230.4;1;10255835846;S
20240502;101232;1230.4;1;10255835914;B
20240502;101232;1230.2;49;10255835919;S
20240502;101232;1230.2;162;10255835920;S
20240502;101232;1230.2;432;10255835921;S
20240502;101236;1230.2;134;10255836381;S
20240502;101236;1230.2;166;10255836382;S
20240502;101238;1230.2;34;10255836803;S
20240502;101238;1230.2;30;10255836804;S
20240502;101238;1230.2;25;10255836805;S
20240502;101238;1230.2;20;10255836806;S
20240502;101238;1230;1;10255836807;S
20240502;101238;1230;1;10255836808;S
20240502;101238;1230;1;10255836809;S
20240502;101238;1230;1;10255836810;S
20240502;101238;1230;1;10255836811;S
20240502;101238;1230;86;10255836812;S
20240502;101239;1230.4;1;10255836950;B
20240502;101240;1230.4;5;10255837022;B
20240502;101241;1230.4;1;10255837121;B
20240502;101243;1230.4;30;10255837422;B
20240502;101246;1230.2;5;10255837866;S
20240502;101246;1230;14;10255837867;S
20240502;101246;1230;200;10255837868;S
20240502;101246;1230;81;10255837869;S
20240502;101246;1230.4;100;10255837878;B
20240502;101247;1230.4;3;10255838003;B
20240502;101247;1230.4;7;10255838004;B
20240502;101248;1230.6;1;10255838100;B
20240502;101248;1230.6;3;10255838101;B
20240502;101248;1230.6;130;10255838102;B
20240502;101248;1230.6;146;10255838103;B
20240502;101248;1230.8;20;10255838104;B
20240502;101249;1230.4;1;10255838202;S
20240502;101250;1230.4;10;10255838321;S
20240502;101251;1230.4;89;10255838447;S
20240502;101251;1230.4;13;10255838448;S
20240502;101251;1230.4;9;10255838449;S
20240502;101251;1230.4;6;10255838450;S
20240502;101251;1230.2;20;10255838451;S
20240502;101251;1230.2;38;10255838452;S
20240502;101252;1230.4;8;10255838582;S
20240502;101253;1230.8;13;10255838644;B
20240502;101253;1230.8;7;10255838645;B
20240502;101254;1231;5;10255838877;B
20240502;101254;1231;5;10255838940;B
20240502;101256;1230.4;23;10255839106;S
20240502;101256;1230.4;100;10255839107;S
20240502;101256;1230.2;13;10255839108;S
20240502;101256;1230.2;40;10255839109;S
20240502;101256;1230.2;162;10255839110;S
20240502;101256;1230.2;10;10255839111;S
20240502;101256;1230.2;25;10255839112;S
20240502;101256;1230;11;10255839128;S
20240502;101259;1230.2;46;10255839686;B
20240502;101259;1230.2;1;10255839788;B
20240502;101300;1230.2;7;10255839811;B
20240502;101301;1230.2;2;10255839966;B
20240502;101301;1230.2;10;10255839968;B
20240502;101301;1230.2;10;10255839976;B
20240502;101306;1230.2;4;10255840583;B
20240502;101306;1230.2;2;10255840596;B
20240502;101306;1230;1;10255840659;S
20240502;101308;1230;7;10255840864;S
20240502;101308;1230;2;10255840865;S
20240502;101308;1230;1;10255840866;S
20240502;101308;1230;1;10255840867;S
20240502;101308;1230;2;10255840868;S
20240502;101308;1230;2;10255840869;S
20240502;101308;1230.2;1;10255840936;B
20240502;101309;1230.2;100;10255840955;B
20240502;101309;1230.2;100;10255841043;B
20240502;101312;1230.2;2;10255841492;B
20240502;101315;1230;10;10255841936;S
20240502;101316;1230.2;4;10255841940;B
20240502;101316;1230;1;10255842037;S
20240502;101317;1230.2;1;10255842055;B
20240502;101317;1230.2;5;10255842129;B
20240502;101317;1230.2;1;10255842172;B
20240502;101318;1230;15;10255842266;S
20240502;101319;1230;1;10255842307;S
20240502;101321;1230;71;10255842588;S
20240502;101321;1230;1;10255842589;S
20240502;101321;1230;1;10255842590;S
20240502;101321;1230;2;10255842591;S
20240502;101321;1230;5;10255842592;S
20240502;101321;1230;4;10255842593;S
20240502;101321;1230;50;10255842594;S
20240502;101321;1230;20;10255842595;S
20240502;101321;1230;1;10255842596;S
20240502;101321;1230;200;10255842597;S
20240502;101321;1230;95;10255842598;S
20240502;101322;1230.2;1;10255842702;B
20240502;101322;1230;1;10255842720;S
20240502;101323;1230.2;43;10255842904;B
20240502;101324;1230;1;10255842942;S
20240502;101324;1230.2;10;10255842954;B
20240502;101324;1230.2;277;10255843008;B
20240502;101324;1230.2;10;10255843009;B
20240502;101324;1230.2;3;10255843010;B
20240502;101324;1230.4;13;10255843011;B
20240502;101324;1230.4;40;10255843012;B
20240502;101324;1230.6;3;10255843013;B
20240502;101324;1230.8;228;10255843014;B
20240502;101324;1230.8;81;10255843015;B
20240502;101324;1230.8;146;10255843016;B
20240502;101324;1231;73;10255843017;B
20240502;101325;1230.8;11;10255843046;B
20240502;101325;1231;8;10255843087;B
20240502;101325;1231;10;10255843088;B
20240502;101325;1231;30;10255843089;B
20240502;101325;1231;1;10255843090;B
20240502;101325;1231;2;10255843091;B
20240502;101325;1231.2;49;10255843092;B
20240502;101326;1230.2;13;10255843125;S
20240502;101326;1230.2;87;10255843126;S
20240502;101327;1230.4;15;10255843311;S
20240502;101328;1230.4;5;10255843355;S
20240502;101328;1230.2;94;10255843356;S
20240502;101341;1231;13;10255845253;B
20240502;101341;1231;181;10255845254;B
20240502;101341;1231;6;10255845255;B
20240502;101342;1231;40;10255845330;B
20240502;101343;1230.6;3;10255845451;S
20240502;101343;1230.6;10;10255845513;S
20240502;101343;1230.6;23;10255845514;S
20240502;101345;1230.4;1;10255845895;S
20240502;101346;1231;3;10255846113;B
20240502;101346;1231;1;10255846114;B
20240502;101346;1231.2;32;10255846115;B
20240502;101346;1231.2;14;10255846116;B
20240502;101358;1231;10;10255848308;B
20240502;101358;1231;40;10255848309;B
20240502;101400;1231;8;10255848594;B
20240502;101403;1231;5;10255849034;B
20240502;101404;1230.6;1;10255849085;S
20240502;101404;1230.6;5;10255849086;S
20240502;101404;1231;10;10255849108;B
20240502;101405;1231;1;10255849468;S
20240502;101408;1231;1;10255849892;S
20240502;101409;1231.2;5;10255849955;B
20240502;101409;1231.2;12;10255850010;B
20240502;101411;1231;38;10255850278;S
20240502;101413;1231;1;10255850707;B
20240502;101414;1231;1;10255850836;B
20240502;101416;1230.8;6;10255851078;S
20240502;101416;1230.8;1;10255851136;S
20240502;101421;1230.8;1;10255851843;S
20240502;101421;1230.8;1;10255851844;S
20240502;101421;1230.6;1;10255851845;S
20240502;101421;1230.6;6;10255851846;S
20240502;101422;1231;2;10255852004;B
20240502;101422;1231;1;10255852045;B
20240502;101424;1230.8;81;10255852284;S
20240502;101425;1230.8;2;10255852312;S
20240502;101425;1230.8;3;10255852422;S
20240502;101427;1230.8;4;10255852660;S
20240502;101428;1230.8;15;10255852774;S
20240502;101428;1231;1;10255852850;B
20240502;101429;1230.8;1;10255853023;S
20240502;101434;1230.8;1;10255853582;S
20240502;101434;1231;1;10255853674;B
20240502;101434;1231;1;10255853697;B
20240502;101439;1231;1;10255854366;B
20240502;101443;1231;2;10255854887;B
20240502;101452;1230.8;10;10255855983;S
20240502;101456;1230.8;3;10255856394;S
20240502;101456;1231;1;10255856423;B
20240502;101456;1231;1;10255856424;B
20240502;101458;1231;1;10255856672;B
20240502;101458;1231;2;10255856687;B
20240502;101458;1231;4;10255856688;B
20240502;101458;1231;1;10255856689;B
20240502;101458;1231;27;10255856690;B
20240502;101458;1231;10;10255856691;B
20240502;101458;1231;110;10255856692;B
20240502;101458;1231;1;10255856693;B
20240502;101458;1231.2;18;10255856694;B
20240502;101458;1231;100;10255856695;S
20240502;101458;1231;62;10255856696;S
20240502;101458;1231;38;10255856697;S
20240502;101459;1231.2;1;10255856818;B
20240502;101500;1231.2;1;10255856984;B
20240502;101501;1231.2;1;10255857114;B
20240502;101502;1231.2;1;10255857282;B
20240502;101502;1231;16;10255857446;S
20240502;101504;1231;3;10255857878;S
20240502;101505;1231;14;10255858066;S
20240502;101507;1231.2;1;10255858475;B
20240502;101514;1231.2;15;10255859949;B
20240502;101516;1231;3;10255860402;S
20240502;101516;1231.2;6;10255860450;B
20240502;101520;1231.4;1;10255861326;B
20240502;101522;1231.2;4;10255861725;S
20240502;101522;1231.2;26;10255861726;S
20240502;101523;1231.4;43;10255862158;B
20240502;101524;1231.4;1;10255862322;B
20240502;101524;1231.2;1;10255862415;S
20240502;101525;1231.2;1;10255862545;S
20240502;101525;1231.2;1;10255862591;S
20240502;101529;1231.4;36;10255863317;B
20240502;101529;1231.6;9;10255863318;B
20240502;101529;1231.6;55;10255863319;B
20240502;101529;1231.6;1;10255863407;B
20240502;101530;1231.6;20;10255863656;B
20240502;101530;1231.6;1;10255863692;B
20240502;101532;1231.4;1;10255863994;S
20240502;101533;1231.4;1;10255864253;S
20240502;101535;1231.6;1;10255864567;B
20240502;101535;1231.4;1;10255864614;S
20240502;101536;1231.6;3;10255864829;B
20240502;101536;1231.8;10;10255864830;B
20240502;101536;1231.8;10;10255864831;B
20240502;101536;1231.8;5;10255864832;B
20240502;101536;1231.8;10;10255864833;B
20240502;101536;1231.8;1;10255864834;B
20240502;101536;1231.8;61;10255864835;B
20240502;101536;1231.6;81;10255864889;B
20240502;101541;1232;10;10255866289;B
20240502;101542;1231.6;55;10255866403;S
20240502;101542;1231.6;38;10255866404;S
20240502;101542;1231.4;7;10255866405;S
20240502;101542;1232;2;10255866435;B
20240502;101542;1232;37;10255866493;B
20240502;101542;1232;5;10255866494;B
20240502;101542;1232;150;10255866495;B
20240502;101542;1232;80;10255866496;B
20240502;101542;1232;28;10255866497;B
20240502;101543;1232;3;10255866522;B
20240502;101544;1231.6;15;10255866951;S
20240502;101545;1231.6;1;10255867023;S
20240502;101545;1232;12;10255867114;B
20240502;101546;1232.2;3;10255867311;B
20240502;101546;1232.2;4;10255867333;B
20240502;101548;1232.2;4;10255867738;B
20240502;101550;1232.2;25;10255868069;B
20240502;101550;1232;1;10255868116;S
20240502;101550;1232.2;1;10255868152;B
20240502;101551;1232;4;10255868271;S
20240502;101553;1232;1;10255868800;S
20240502;101554;1232.4;1;10255868898;B
20240502;101554;1232.6;10;10255869043;B
20240502;101556;1232.6;6;10255869348;B
20240502;101558;1232.6;18;10255869733;B
20240502;101601;1232;24;10255870519;S
20240502;101601;1232;41;10255870520;S
20240502;101601;1232;38;10255870521;S
20240502;101601;1231.8;13;10255870522;S
20240502;101601;1231.8;1;10255870523;S
20240502;101601;1231.8;1;10255870524;S
20240502;101601;1231.6;12;10255870525;S
20240502;101601;1232.4;13;10255870585;B
20240502;101601;1232.4;9;10255870586;B
20240502;101602;1231.8;13;10255870674;S
20240502;101602;1231.6;117;10255870675;S
20240502;101602;1231.8;2;10255870828;B
20240502;101602;1231.6;1;10255870937;S
20240502;101602;1231.6;10;10255870938;S
20240502;101602;1231.6;119;10255870939;S
20240502;101604;1231.6;7;10255871290;S
20240502;101604;1232;9;10255871389;B
20240502;101605;1232;1;10255871554;B
20240502;101606;1232;3;10255871805;B
20240502;101606;1232.2;1;10255871807;B
20240502;101611;1232;1;10255872755;B
20240502;101613;1232;10;10255873149;B
20240502;101613;1232;10;10255873163;B
20240502;101613;1232.2;12;10255873164;B
20240502;101613;1232.2;2;10255873165;B
20240502;101613;1232.2;146;10255873166;B
20240502;101613;1232.2;37;10255873167;B
20240502;101613;1232.2;40;10255873168;B
20240502;101616;1232;16;10255873714;B
20240502;101617;1232;19;10255873869;B
20240502;101617;1232;5;10255873961;B
20240502;101619;1231.8;1;10255874380;S
20240502;101622;1231.8;1;10255875103;S
20240502;101623;1231.8;5;10255875276;S
20240502;101624;1231.8;1;10255875447;S
20240502;101625;1232;1;10255875589;B
20240502;101626;1231.8;1;10255875671;S
20240502;101626;1232;1;10255875718;B
20240502;101626;1232;29;10255875719;B
20240502;101630;1232;1;10255876357;B
20240502;101633;1232;1;10255876874;B
20240502;101635;1232;7;10255877393;B
20240502;101636;1231.8;2;10255877462;S
20240502;101636;1231.8;13;10255877463;S
20240502;101636;1231.8;10;10255877464;S
20240502;101636;1231.8;1;10255877465;S
20240502;101636;1231.6;10;10255877466;S
20240502;101636;1231.6;1;10255877467;S
20240502;101636;1231.6;20;10255877468;S
20240502;101636;1231.6;37;10255877469;S
20240502;101636;1231.6;1;10255877470;S
20240502;101636;1231.4;15;10255877471;S
20240502;101636;1231.4;10;10255877472;S
20240502;101636;1231.4;81;10255877473;S
20240502;101636;1231.4;148;10255877474;S
20240502;101639;1231.4;10;10255877918;B
20240502;101642;1231.2;3;10255878564;S
20240502;101642;1231.2;1;10255878565;S
20240502;101642;1231.2;2;10255878566;S
20240502;101642;1231.2;1;10255878567;S
20240502;101642;1231.2;1;10255878568;S
20240502;101642;1231.2;10;10255878569;S
20240502;101642;1231.2;1;10255878570;S
20240502;101642;1231.2;10;10255878571;S
20240502;101642;1231.2;36;10255878572;S
20240502;101642;1231.2;10;10255878573;S
20240502;101642;1231;40;10255878574;S
20240502;101642;1231;85;10255878575;S
20240502;101644;1231.4;1;10255878946;B
20240502;101644;1231.4;1;10255879037;B
20240502;101649;1231.2;1;10255879822;S
20240502;101650;1231.2;1;10255880002;S
20240502;101650;1231.2;1;10255880025;S
20240502;101651;1231.4;3;10255880232;B
20240502;101652;1231.4;8;10255880353;B
20240502;101656;1231.4;1;10255881207;B
20240502;101656;1231.4;10;10255881274;B
20240502;101659;1231.4;5;10255881776;B
20240502;101659;1231.4;6;10255881940;B
20240502;101701;1231.4;1;10255882405;B
20240502;101702;1231.4;10;10255882546;B
20240502;101703;1231.4;13;10255882911;B
20240502;101703;1231.4;20;10255882912;B
20240502;101703;1231.4;27;10255882913;B
20240502;101704;1231.2;1;10255882955;S
20240502;101704;1231.4;1;10255883244;B
20240502;101705;1231.4;1;10255883504;B
20240502;101707;1231.6;1;10255883977;B
20240502;101708;1231.4;63;10255884150;B
20240502;101709;1231.6;12;10255884258;B
20240502;101709;1231.4;1;10255884356;B
20240502;101711;1231.4;5;10255884884;B
20240502;101711;1231.2;6;10255884972;S
20240502;101711;1231.2;10;10255884973;S
20240502;101713;1231.2;1;10255885545;S
20240502;101714;1231.4;29;10255885961;B
20240502;101715;1231.2;10;10255886229;S
20240502;101717;1231.2;16;10255886674;S
20240502;101718;1231.4;1;10255886952;B
20240502;101720;1231.4;9;10255887267;B
20240502;101720;1231.4;1;10255887291;B
20240502;101720;1231.2;30;10255887364;S
20240502;101722;1231.4;52;10255887911;B
20240502;101722;1231.4;2;10255887912;B
20240502;101723;1231.6;43;10255888280;B
20240502;101725;1231.6;1;10255888687;B
20240502;101731;1231.6;7;10255890350;S
20240502;101731;1231.8;2;10255890358;B
20240502;101736;1231.6;1;10255891780;S
20240502;101738;1231.6;1;10255892129;S
20240502;101743;1231.8;1;10255893506;B
20240502;101745;1231.8;1;10255893894;B
20240502;101746;1231.6;1;10255893996;S
20240502;101746;1231.8;1;10255894012;B
20240502;101747;1231.6;2;10255894242;S
20240502;101750;1231.8;2;10255894822;B
20240502;101752;1231.8;1;10255895257;B
20240502;101803;1231.8;1;10255897223;B
20240502;101804;1231.8;1;10255897364;B
20240502;101807;1231.8;1;10255897918;B
20240502;101808;1231.8;1;10255898207;B
20240502;101812;1231.8;2;10255898790;B
20240502;101815;1231.8;20;10255899523;B
20240502;101818;1231.6;1;10255900045;S
20240502;101818;1231.8;1;10255900089;B
20240502;101820;1231.6;9;10255900366;S
20240502;101820;1231.6;10;10255900367;S
20240502;101820;1231.6;38;10255900368;S
20240502;101820;1231.8;1;10255900501;B
20240502;101822;1231.8;1;10255900714;B
20240502;101822;1231.8;1;10255900815;B
20240502;101823;1231.8;1;10255900932;B
20240502;101824;1231.8;3;10255901004;B
20240502;101824;1231.6;1;10255901044;S
20240502;101825;1231.8;1;10255901151;B
20240502;101826;1231.8;1;10255901309;B
20240502;101826;1231.6;50;10255901419;S
20240502;101829;1231.6;11;10255901735;S
20240502;101829;1231.6;10;10255901736;S
20240502;101829;1231.6;1;10255901737;S
20240502;101829;1231.6;1;10255901738;S
20240502;101829;1231.6;2;10255901739;S
20240502;101829;1231.6;1;10255901740;S
20240502;101829;1231.6;3;10255901741;S
20240502;101829;1231.8;1;10255901871;B
20240502;101831;1231.8;1;10255902769;B
20240502;101831;1231.8;54;10255902911;B
20240502;101831;1231.8;10;10255902912;B
20240502;101831;1231.8;1;10255902913;B
20240502;101831;1231.8;1;10255902914;B
20240502;101831;1231.8;1;10255902915;B
20240502;101831;1231.8;1;10255902916;B
20240502;101831;1231.8;1;10255902917;B
20240502;101831;1231.8;2;10255902918;B
20240502;101831;1231.8;1;10255902919;B
20240502;101831;1231.8;1;10255902920;B
20240502;101831;1231.8;79;10255902921;B
20240502;101832;1231.8;36;10255902988;B
20240502;101832;1231.8;14;10255902989;B
20240502;101833;1231.8;1;10255903299;B
20240502;101845;1231.6;1;10255905726;S
20240502;101845;1231.6;3;10255905727;S
20240502;101848;1231.8;1;10255906269;B
20240502;101849;1231.8;1;10255906578;B
20240502;101855;1231.6;7;10255907576;S
20240502;101855;1231.6;3;10255907577;S
20240502;101855;1231.8;1;10255907578;B
20240502;101855;1231.6;7;10255907669;S
20240502;101855;1231.6;1;10255907670;S
20240502;101855;1231.6;5;10255907671;S
20240502;101858;1231.8;1;10255908195;B
20240502;101859;1231.8;1;10255908245;B
20240502;101902;1231.8;1;10255908752;B
20240502;101903;1231.6;5;10255908938;S
20240502;101903;1231.6;10;10255908939;S
20240502;101903;1231.6;78;10255908940;S
20240502;101903;1231.4;46;10255908941;S
20240502;101903;1231.4;1;10255908942;S
20240502;101903;1231.4;10;10255908943;S
20240502;101903;1231.4;8;10255908944;S
20240502;101903;1231.4;22;10255908945;S
20240502;101903;1231.4;32;10255908946;S
20240502;101903;1231.4;10;10255908947;S
20240502;101903;1231.4;200;10255908948;S
20240502;101903;1231.4;1;10255908949;S
20240502;101903;1231.4;1;10255908950;S
20240502;101903;1231.4;1;10255908951;S
20240502;101903;1231.4;5;10255908952;S
20240502;101903;1231.4;1;10255908953;S
20240502;101903;1231.4;36;10255908954;S
20240502;101903;1231.2;241;10255908955;S
20240502;101903;1231.6;10;10255908984;B
20240502;101904;1231.4;3;10255909068;S
20240502;101904;1231.4;4;10255909069;S
20240502;101904;1231.4;2;10255909070;S
20240502;101904;1231.4;1;10255909071;S
20240502;101904;1231.2;20;10255909184;S
20240502;101906;1231.4;1;10255909690;S
20240502;101909;1231.6;1;10255910243;B
20240502;101910;1231.6;2;10255910425;B
20240502;101914;1231.6;1;10255911150;B
20240502;101914;1231.6;84;10255911195;B
20240502;101914;1231.6;16;10255911196;B
20240502;101917;1231.6;1;10255911600;B
20240502;101922;1231.6;1;10255912559;B
20240502;101923;1231.6;43;10255912856;B
20240502;101923;1231.6;1;10255912933;B
20240502;101926;1231.6;14;10255913446;B
20240502;101926;1231.4;3;10255913516;S
20240502;101927;1231.6;1;10255913596;B
20240502;101927;1231.6;8;10255913615;B
20240502;101928;1231.6;1;10255913797;B
20240502;101930;1231.6;1;10255914205;B
20240502;101931;1231.6;1;10255914495;B
20240502;101933;1231.6;100;10255914892;B
20240502;101933;1231.6;8;10255914935;B
20240502;101933;1231.6;4;10255914945;B
20240502;101933;1231.6;5;10255914946;B
20240502;101933;1231.4;10;10255915000;S
20240502;101934;1231.6;30;10255915256;B
20240502;101934;1231.6;3;10255915257;B
20240502;101934;1231.8;1;10255915258;B
20240502;101934;1231.8;7;10255915259;B
20240502;101937;1231.6;98;10255916149;S
20240502;101937;1231.6;2;10255916150;S
20240502;101938;1231.8;1;10255916237;B
20240502;101939;1231.8;1;10255916495;B
20240502;101941;1231.6;1;10255916764;S
20240502;101941;1231.6;35;10255916829;S
20240502;101942;1231.6;1;10255916888;S
20240502;101942;1231.6;1;10255916889;S
20240502;101942;1231.8;3;10255916971;B
20240502;101945;1231.8;1;10255917599;B
20240502;101947;1231.8;1;10255917963;B
20240502;101950;1231.8;36;10255918530;B
20240502;101950;1232;10;10255918531;B
20240502;101950;1232;4;10255918532;B
20240502;101953;1231.6;3;10255919078;S
20240502;101954;1231.8;1;10255919278;B
20240502;101955;1232;2;10255919299;B
20240502;101957;1232;70;10255919593;B
20240502;101957;1232;10;10255919594;B
20240502;101957;1232;10;10255919595;B
20240502;101957;1232;35;10255919596;B
20240502;101957;1232;98;10255919597;B
20240502;101957;1232.2;130;10255919598;B
20240502;101957;1232.2;2;10255919599;B
20240502;101957;1232.2;81;10255919600;B
20240502;101957;1232.2;236;10255919601;B
20240502;101957;1232.2;36;10255919602;B
20240502;101957;1232.4;1;10255919603;B
20240502;101957;1232.4;2;10255919604;B
20240502;101957;1232.4;61;10255919605;B
20240502;101957;1232.4;28;10255919606;B
20240502;102000;1232.2;1;10255920286;B
20240502;102001;1231.8;1;10255920316;S
20240502;102001;1232.2;2;10255920461;B
20240502;102001;1232.4;8;10255920462;B
20240502;102002;1232.4;6;10255920517;B
20240502;102006;1232.2;1;10255921405;B
20240502;102006;1232.4;3;10255921406;B
20240502;102009;1232.2;98;10255922142;S
20240502;102009;1232.2;2;10255922143;S
20240502;102009;1232.2;34;10255922144;S
20240502;102009;1232.2;1;10255922198;B
20240502;102009;1232.2;4;10255922267;B
20240502;102010;1232.2;3;10255922350;B
20240502;102012;1232.2;4;10255922690;B
20240502;102014;1232.2;2;10255923198;B
20240502;102017;1232.2;1;10255923605;B
20240502;102018;1232.2;1;10255923935;B
20240502;102018;1232;3;10255923979;S
20240502;102021;1232.2;1;10255926535;B
20240502;102023;1232.2;1;10255927920;B
20240502;102025;1232;7;10255928866;S
20240502;102025;1232;63;10255928867;S
20240502;102025;1232.2;5;10255929037;B
20240502;102030;1232;2;10255930461;S
20240502;102044;1232.2;1;10255937246;B
20240502;102048;1232;1;10255938473;S
20240502;102050;1232.2;1;10255938820;B
20240502;102053;1232.2;14;10255939280;B
20240502;102054;1232.2;1;10255939591;B
20240502;102057;1232;2;10255942099;S
20240502;102100;1232.2;26;10255942614;B
20240502;102100;1232.2;1;10255942615;B
20240502;102100;1232.2;87;10255942616;B
20240502;102101;1232.2;20;10255942840;B
20240502;102102;1232.2;4;10255942947;B
20240502;102103;1232.2;1;10255943091;B
20240502;102103;1232.2;10;10255943123;B
20240502;102105;1232;2;10255945792;S
20240502;102107;1232.2;1;10255946198;B
20240502;102110;1232;8;10255946793;S
20240502;102110;1232.2;1;10255946837;B
20240502;102111;1232.2;1;10255946895;B
20240502;102111;1232;3;10255946923;S
20240502;102111;1232;5;10255946924;S
20240502;102111;1232;40;10255946925;S
20240502;102111;1232;2;10255946926;S
20240502;102111;1232;50;10255946927;S
20240502;102111;1232;11;10255946930;S
20240502;102111;1232;3;10255946931;S
20240502;102111;1232;1;10255946932;S
