<DATE>;<TIME>;<LAST>;<VOL>;<ID>;<OPER>
20240130;095938;1437.400000000;1;9478384473;B
20240130;095938;1437.400000000;3;9478384474;S
20240130;095938;1437.400000000;8;9478384475;S
20240130;095938;1437.400000000;2;9478384476;S
20240130;095938;1437.400000000;20;9478384477;S
20240130;095938;1437.400000000;1;9478384478;B
20240130;095938;1437.400000000;2;9478384479;B
20240130;095938;1437.400000000;1;9478384480;B
20240130;095938;1437.400000000;2;9478384481;B
20240130;095938;1437.400000000;6;9478384482;B
20240130;095938;1437.400000000;1;9478384483;B
20240130;095938;1437.400000000;1;9478384484;S
20240130;095938;1437.400000000;6;9478384485;S
20240130;095938;1437.400000000;1;9478384486;S
20240130;095938;1437.400000000;33;9478384487;S
20240130;095938;1437.400000000;2;9478384488;B
20240130;095938;1437.400000000;35;9478384489;B
20240130;095938;1437.400000000;1;9478384490;B
20240130;095938;1437.400000000;2;9478384491;B
20240130;095938;1437.400000000;62;9478384492;S
20240130;095938;1437.400000000;200;9478384493;S
20240130;095938;1437.400000000;31;9478384494;S
20240130;095938;1437.400000000;50;9478384495;S
20240130;095938;1437.400000000;7;9478384496;B
20240130;095938;1437.400000000;1;9478384497;B
20240130;095938;1437.400000000;1;9478384498;B
20240130;095938;1437.400000000;202;9478384499;B
20240130;095938;1437.400000000;7;9478384500;B
20240130;095938;1437.400000000;1;9478384501;B
20240130;095938;1437.400000000;16;9478384502;B
20240130;095938;1437.400000000;4;9478384503;B
20240130;095938;1437.400000000;21;9478384504;B
20240130;095938;1437.400000000;7;9478384505;B
20240130;095938;1437.400000000;2;9478384506;B
20240130;095938;1437.400000000;1;9478384507;B
20240130;095938;1437.400000000;12;9478384508;S
20240130;095938;1437.400000000;1;9478384509;S
20240130;095938;1437.400000000;1;9478384510;B
20240130;095938;1437.400000000;1;9478384511;B
20240130;095938;1437.400000000;10;9478384512;B
20240130;095938;1437.400000000;2;9478384513;B
20240130;095938;1437.400000000;1;9478384514;B
20240130;095938;1437.400000000;1;9478384515;B
20240130;095938;1437.400000000;1;9478384516;B
20240130;095938;1437.400000000;2;9478384517;B
20240130;095938;1437.400000000;2;9478384518;B
20240130;095938;1437.400000000;1;9478384519;B
20240130;095938;1437.400000000;1;9478384520;B
20240130;095938;1437.400000000;1;9478384521;B
20240130;095938;1437.400000000;1;9478384522;B
20240130;095938;1437.400000000;1;9478384523;B
20240130;095938;1437.400000000;5;9478384524;B
20240130;095938;1437.400000000;1;9478384525;B
20240130;095938;1437.400000000;1;9478384526;B
20240130;095938;1437.400000000;1;9478384527;B
20240130;095938;1437.400000000;1;9478384528;B
20240130;095938;1437.400000000;101;9478384529;S
20240130;095938;1437.400000000;5;9478384530;B
20240130;095938;1437.400000000;435;9478384531;B
20240130;100000;1437.400000000;150;9478391120;S
20240130;100000;1437.400000000;76;9478391121;S
20240130;100000;1437.400000000;5;9478391193;B
20240130;100000;1437.400000000;2;9478391201;B
20240130;100000;1437.400000000;219;9478391231;B
20240130;100000;1437.400000000;27;9478391240;S
20240130;100000;1437.200000000;139;9478391241;S
20240130;100000;1437.200000000;55;9478391242;S
20240130;100000;1437.200000000;5;9478391246;B
20240130;100000;1437.600000000;189;9478391247;B
20240130;100000;1437.600000000;5;9478391248;B
20240130;100000;1437.200000000;105;9478391258;S
20240130;100000;1437.200000000;1;9478391266;S
20240130;100001;1437.200000000;17;9478391310;S
20240130;100001;1437.200000000;1;9478391328;S
20240130;100001;1437.200000000;84;9478391408;S
20240130;100001;1437.600000000;8;9478391459;B
20240130;100001;1437.600000000;97;9478391756;B
20240130;100001;1437.600000000;13;9478391757;B
20240130;100001;1437.400000000;112;9478391767;B
20240130;100001;1437.600000000;4;9478391845;B
20240130;100001;1437.600000000;46;9478391846;B
20240130;100001;1437.400000000;2;9478391920;B
20240130;100001;1437.200000000;1;9478392050;S
20240130;100001;1437.200000000;14;9478392078;S
20240130;100001;1437.200000000;10;9478392108;B
20240130;100001;1437.000000000;1;9478392194;S
20240130;100001;1437.000000000;5;9478392259;S
20240130;100001;1437.400000000;108;9478392277;B
20240130;100001;1437.600000000;105;9478392278;B
20240130;100001;1437.800000000;5;9478392279;B
20240130;100001;1437.800000000;1;9478392280;B
20240130;100001;1437.800000000;122;9478392281;B
20240130;100001;1437.800000000;10;9478392328;B
20240130;100002;1437.200000000;5;9478392470;S
20240130;100002;1437.800000000;250;9478392767;B
20240130;100002;1437.200000000;1;9478393008;S
20240130;100002;1437.800000000;2;9478393184;B
20240130;100002;1437.800000000;16;9478393211;B
20240130;100002;1437.800000000;9;9478393212;B
20240130;100004;1437.800000000;1;9478394042;B
20240130;100004;1437.800000000;8;9478394043;B
20240130;100004;1437.800000000;1;9478394044;B
20240130;100004;1437.800000000;1;9478394045;B
20240130;100004;1438.000000000;1;9478394114;B
20240130;100004;1438.000000000;25;9478394115;B
20240130;100004;1438.000000000;1;9478394116;B
20240130;100004;1438.000000000;4;9478394117;B
20240130;100004;1438.000000000;5;9478394118;B
20240130;100004;1438.000000000;1;9478394119;B
20240130;100004;1438.200000000;2;9478394120;B
20240130;100004;1438.200000000;30;9478394121;B
20240130;100004;1438.200000000;1;9478394332;B
20240130;100005;1438.200000000;1;9478394467;B
20240130;100005;1438.200000000;2;9478394468;B
20240130;100005;1438.200000000;1;9478394657;B
20240130;100005;1438.200000000;22;9478394682;B
20240130;100005;1438.000000000;2;9478395302;B
20240130;100005;1438.200000000;29;9478395303;B
20240130;100005;1438.200000000;19;9478395304;B
20240130;100005;1438.200000000;1;9478395655;B
20240130;100006;1438.200000000;10;9478395756;B
20240130;100006;1438.200000000;12;9478395915;B
20240130;100006;1438.200000000;97;9478395923;B
20240130;100006;1438.400000000;2;9478395924;B
20240130;100006;1438.400000000;5;9478395925;B
20240130;100006;1438.400000000;30;9478395926;B
20240130;100006;1438.600000000;1;9478395927;B
20240130;100006;1438.600000000;10;9478395928;B
20240130;100006;1438.600000000;20;9478395929;B
20240130;100006;1438.600000000;1;9478395930;B
20240130;100006;1438.800000000;55;9478395931;B
20240130;100006;1439.000000000;1;9478395932;B
20240130;100006;1439.000000000;1;9478395933;B
20240130;100006;1439.000000000;1;9478395934;B
20240130;100006;1439.000000000;2;9478395935;B
20240130;100006;1439.000000000;1;9478395936;B
20240130;100006;1439.000000000;1;9478395937;B
20240130;100006;1439.000000000;11;9478395938;B
20240130;100006;1439.000000000;2;9478395939;B
20240130;100006;1439.000000000;5;9478395940;B
20240130;100006;1439.000000000;1;9478395941;B
20240130;100006;1439.000000000;1;9478395942;B
20240130;100006;1439.000000000;10;9478395943;B
20240130;100006;1439.000000000;55;9478395944;B
20240130;100006;1439.000000000;87;9478395945;B
20240130;100006;1438.000000000;5;9478396214;S
20240130;100006;1438.200000000;12;9478396466;S
20240130;100006;1438.200000000;8;9478396467;S
20240130;100006;1438.400000000;8;9478396468;B
20240130;100006;1439.000000000;109;9478396469;B
20240130;100006;1439.200000000;344;9478396470;B
20240130;100006;1439.200000000;1;9478396471;B
20240130;100006;1439.200000000;5;9478396472;B
20240130;100006;1439.200000000;3;9478396473;B
20240130;100006;1439.200000000;1;9478396474;B
20240130;100006;1439.200000000;28;9478396475;B
20240130;100006;1439.400000000;301;9478396476;B
20240130;100006;1438.600000000;2;9478396674;B
20240130;100006;1439.400000000;1;9478396680;B
20240130;100007;1439.000000000;1;9478397134;B
20240130;100007;1439.000000000;2;9478397135;B
20240130;100007;1439.200000000;1;9478397136;B
20240130;100007;1439.200000000;9;9478397137;B
20240130;100007;1439.200000000;70;9478397138;B
20240130;100007;1439.000000000;1;9478397303;S
20240130;100007;1439.000000000;24;9478397345;S
20240130;100007;1438.600000000;1;9478397620;S
20240130;100008;1438.400000000;1;9478398163;S
20240130;100008;1438.400000000;1;9478398164;S
20240130;100008;1439.000000000;1;9478398560;B
20240130;100009;1438.800000000;2;9478398776;B
20240130;100009;1438.800000000;2;9478398777;B
20240130;100009;1439.000000000;8;9478398778;B
20240130;100009;1438.400000000;20;9478398928;S
20240130;100010;1438.400000000;1;9478399104;S
20240130;100010;1438.400000000;1;9478399141;S
20240130;100010;1439.000000000;35;9478399469;B
20240130;100010;1438.400000000;81;9478399476;S
20240130;100010;1439.000000000;1;9478399541;B
20240130;100013;1438.400000000;25;9478400879;S
20240130;100013;1438.400000000;55;9478400880;S
20240130;100013;1438.400000000;22;9478400881;S
20240130;100013;1438.200000000;35;9478400882;S
20240130;100013;1438.200000000;50;9478400883;S
20240130;100013;1438.000000000;55;9478400884;S
20240130;100013;1438.000000000;196;9478400885;S
20240130;100013;1437.800000000;163;9478400886;S
20240130;100013;1437.600000000;190;9478400887;S
20240130;100013;1437.600000000;105;9478400888;S
20240130;100013;1437.600000000;16;9478400889;S
20240130;100013;1437.400000000;216;9478400890;S
20240130;100013;1437.600000000;55;9478400891;S
20240130;100013;1437.400000000;45;9478400892;S
20240130;100014;1437.400000000;1;9478401122;S
20240130;100015;1438.600000000;21;9478401738;B
20240130;100015;1438.600000000;19;9478401739;B
20240130;100015;1438.800000000;2;9478401874;B
20240130;100015;1438.800000000;11;9478401875;B
20240130;100017;1438.400000000;1;9478402306;B
20240130;100017;1438.400000000;5;9478402339;B
20240130;100022;1437.400000000;2;9478404258;S
20240130;100022;1438.200000000;1;9478404278;B
20240130;100027;1438.200000000;18;9478405202;B
20240130;100027;1437.800000000;211;9478405221;S
20240130;100028;1438.200000000;1;9478405346;B
20240130;100030;1438.200000000;2;9478405806;B
20240130;100031;1438.200000000;1;9478405975;B
20240130;100032;1437.800000000;34;9478406360;S
20240130;100033;1438.200000000;1;9478406583;B
20240130;100033;1437.800000000;2;9478406609;S
20240130;100038;1438.200000000;5;9478407613;B
20240130;100038;1438.200000000;2;9478407685;B
20240130;100040;1437.800000000;2;9478408129;S
20240130;100040;1437.400000000;15;9478408130;S
20240130;100042;1437.400000000;11;9478408457;S
20240130;100043;1437.400000000;1;9478408756;S
20240130;100043;1437.200000000;25;9478408757;S
20240130;100043;1437.000000000;3974;9478408758;S
20240130;100043;1437.000000000;60;9478408760;S
20240130;100043;1437.000000000;2;9478408761;S
20240130;100043;1437.000000000;50;9478408769;S
20240130;100043;1437.000000000;3;9478408794;S
20240130;100045;1437.000000000;2;9478409212;S
20240130;100045;1437.000000000;19;9478409235;S
20240130;100045;1437.000000000;16;9478409266;S
20240130;100047;1437.400000000;2;9478409633;B
20240130;100048;1437.000000000;74;9478409773;S
20240130;100048;1437.000000000;104;9478409774;S
20240130;100048;1436.800000000;1;9478409775;S
20240130;100048;1436.600000000;77;9478409776;S
20240130;100048;1436.400000000;1;9478409777;S
20240130;100048;1436.400000000;25;9478409778;S
20240130;100048;1436.200000000;10;9478409779;S
20240130;100048;1436.000000000;2;9478409780;S
20240130;100048;1436.000000000;1;9478409781;S
20240130;100048;1436.000000000;5;9478409782;S
20240130;100048;1436.000000000;2;9478409925;S
20240130;100048;1436.000000000;2;9478409926;S
20240130;100049;1436.600000000;4;9478410142;B
20240130;100052;1436.600000000;1;9478410750;B
20240130;100053;1436.600000000;6;9478411485;B
20240130;100053;1436.600000000;13;9478411911;B
20240130;100053;1436.800000000;37;9478411912;B
20240130;100053;1436.000000000;1;9478411957;S
20240130;100054;1436.400000000;2;9478412241;B
20240130;100056;1436.400000000;1;9478412756;B
20240130;100059;1436.400000000;100;9478413417;B
20240130;100103;1436.000000000;2;9478414355;S
20240130;100103;1436.000000000;22;9478414356;S
20240130;100103;1436.000000000;4;9478414389;S
20240130;100103;1436.000000000;5;9478414423;S
20240130;100103;1436.000000000;12;9478414453;S
20240130;100104;1436.200000000;3;9478414572;B
20240130;100104;1436.200000000;1;9478414573;B
20240130;100104;1436.000000000;12;9478414587;S
20240130;100104;1436.000000000;7;9478414708;S
20240130;100105;1436.000000000;13;9478414791;S
20240130;100105;1436.000000000;1;9478414792;S
20240130;100105;1435.800000000;20;9478414793;S
20240130;100105;1435.800000000;12;9478414794;S
20240130;100105;1435.800000000;2;9478414795;S
20240130;100105;1435.800000000;1;9478414796;S
20240130;100105;1435.800000000;3;9478414797;S
20240130;100105;1435.800000000;3;9478414798;S
20240130;100105;1435.800000000;1;9478414799;S
20240130;100105;1435.800000000;10;9478414800;S
20240130;100105;1435.800000000;3;9478414801;S
20240130;100105;1435.800000000;2;9478414802;S
20240130;100105;1435.800000000;2;9478414863;S
20240130;100105;1435.800000000;4;9478414864;S
20240130;100105;1435.800000000;1;9478414865;S
20240130;100105;1435.800000000;1;9478414866;S
20240130;100105;1435.800000000;6;9478414867;S
20240130;100105;1435.800000000;5;9478414868;S
20240130;100105;1435.800000000;2;9478414869;S
20240130;100105;1435.800000000;6;9478414870;S
20240130;100105;1435.800000000;2;9478414871;S
20240130;100105;1435.800000000;7;9478414872;S
20240130;100105;1435.800000000;1;9478414873;S
20240130;100105;1435.800000000;100;9478414874;S
20240130;100105;1435.800000000;1;9478414875;S
20240130;100105;1435.800000000;5;9478414876;S
20240130;100106;1435.800000000;68;9478414919;B
20240130;100106;1435.800000000;55;9478414920;B
20240130;100106;1435.800000000;77;9478414921;B
20240130;100106;1435.600000000;1;9478414997;S
20240130;100106;1435.600000000;1;9478414998;S
20240130;100106;1435.600000000;2;9478415015;S
20240130;100106;1435.800000000;1;9478415029;B
20240130;100106;1435.600000000;2;9478415063;S
20240130;100106;1435.600000000;1;9478415064;S
20240130;100106;1435.200000000;9;9478415065;S
20240130;100106;1435.200000000;1;9478415100;S
20240130;100106;1435.000000000;1;9478415101;S
20240130;100106;1435.000000000;3;9478415102;S
20240130;100108;1435.600000000;105;9478415281;B
20240130;100108;1435.600000000;12;9478415282;B
20240130;100108;1435.600000000;16;9478415283;B
20240130;100108;1435.800000000;54;9478415284;B
20240130;100108;1435.800000000;25;9478415285;B
20240130;100108;1436.000000000;88;9478415286;B
20240130;100108;1435.600000000;6;9478415331;S
20240130;100108;1435.200000000;16;9478415332;S
20240130;100108;1435.200000000;12;9478415381;B
20240130;100108;1435.800000000;13;9478415382;B
20240130;100111;1435.000000000;3;9478415799;S
20240130;100111;1435.000000000;4;9478415800;S
20240130;100111;1435.000000000;5;9478415801;S
20240130;100111;1435.000000000;16;9478415802;S
20240130;100115;1435.000000000;67;9478416803;S
20240130;100119;1435.000000000;2;9478417528;S
20240130;100122;1435.200000000;1;9478418344;B
20240130;100122;1435.200000000;2;9478418411;B
20240130;100123;1435.200000000;54;9478418454;B
20240130;100123;1435.200000000;55;9478418455;B
20240130;100123;1435.400000000;7;9478418456;B
20240130;100123;1435.400000000;55;9478418457;B
20240130;100123;1435.400000000;16;9478418458;B
20240130;100123;1435.600000000;13;9478418459;B
20240130;100123;1435.000000000;4;9478418484;S
20240130;100123;1435.000000000;5;9478418520;S
20240130;100123;1435.000000000;7;9478418522;S
20240130;100123;1435.000000000;4;9478418523;S
20240130;100123;1435.000000000;4;9478418554;S
20240130;100123;1435.000000000;2;9478418647;S
20240130;100123;1434.400000000;1;9478418686;S
20240130;100127;1434.800000000;1;9478419144;B
20240130;100128;1434.000000000;1;9478419255;S
20240130;100128;1434.000000000;11;9478419256;S
20240130;100128;1434.000000000;2;9478419327;S
20240130;100130;1434.800000000;1;9478419730;B
20240130;100135;1434.200000000;1;9478420512;B
20240130;100135;1434.200000000;5;9478420514;B
20240130;100138;1434.200000000;17;9478420924;B
20240130;100138;1434.200000000;69;9478420925;B
20240130;100138;1434.400000000;14;9478420926;B
20240130;100141;1434.000000000;37;9478421730;S
20240130;100143;1434.000000000;12;9478421884;S
20240130;100143;1434.000000000;8;9478421915;S
20240130;100143;1434.000000000;1;9478421916;S
20240130;100143;1433.800000000;3;9478421917;S
20240130;100143;1434.600000000;5;9478421999;B
20240130;100143;1434.000000000;2;9478422135;S
20240130;100143;1434.000000000;14;9478422168;S
20240130;100143;1434.600000000;10;9478422193;B
20240130;100146;1434.600000000;1;9478422662;B
20240130;100148;1435.000000000;30;9478423087;B
20240130;100154;1435.000000000;1;9478424154;B
20240130;100158;1434.600000000;75;9478424869;S
20240130;100158;1434.400000000;10;9478424870;S
20240130;100158;1434.400000000;1;9478424871;S
20240130;100158;1434.400000000;99;9478424872;S
20240130;100201;1434.800000000;8;9478425262;B
20240130;100203;1434.800000000;2;9478425437;B
20240130;100205;1434.600000000;2;9478425848;S
20240130;100205;1434.600000000;11;9478425849;S
20240130;100206;1434.800000000;58;9478426012;B
20240130;100206;1435.000000000;10;9478426013;B
20240130;100209;1435.000000000;2;9478426474;S
20240130;100209;1435.000000000;8;9478426475;S
20240130;100210;1435.000000000;8;9478426790;S
20240130;100210;1435.000000000;8;9478426792;S
20240130;100210;1435.000000000;30;9478426838;S
20240130;100210;1435.000000000;30;9478426872;S
20240130;100211;1435.000000000;8;9478426924;S
20240130;100211;1435.000000000;8;9478426925;S
20240130;100211;1435.000000000;7;9478426956;S
20240130;100211;1435.000000000;7;9478426972;S
20240130;100211;1435.000000000;10;9478426992;S
20240130;100211;1434.800000000;13;9478426993;S
20240130;100212;1434.800000000;5;9478427248;S
20240130;100214;1435.000000000;3;9478427643;B
20240130;100217;1434.800000000;61;9478428123;S
20240130;100217;1434.800000000;1;9478428191;S
20240130;100220;1434.800000000;67;9478428556;S
20240130;100220;1434.800000000;1;9478428649;S
20240130;100222;1434.800000000;1;9478428986;S
20240130;100223;1434.800000000;1;9478429154;B
20240130;100225;1434.800000000;1;9478429489;B
20240130;100226;1434.800000000;1;9478429744;B
20240130;100233;1434.600000000;1;9478430871;S
20240130;100233;1434.600000000;70;9478430872;S
20240130;100233;1434.400000000;4;9478430873;S
20240130;100233;1434.400000000;46;9478430950;S
20240130;100235;1434.600000000;1;9478431317;B
20240130;100237;1434.600000000;1;9478431619;B
20240130;100237;1434.400000000;2;9478431644;S
20240130;100240;1434.200000000;10;9478432056;S
20240130;100240;1434.200000000;30;9478432057;S
20240130;100245;1434.400000000;1;9478433178;B
20240130;100249;1434.200000000;1;9478434040;B
20240130;100251;1434.200000000;17;9478434402;B
20240130;100251;1434.200000000;2;9478434498;B
20240130;100252;1434.200000000;2;9478434679;B
20240130;100252;1434.200000000;121;9478434740;B
20240130;100252;1434.400000000;17;9478434741;B
20240130;100252;1434.400000000;62;9478434742;B
20240130;100301;1434.800000000;2;9478436851;S
20240130;100302;1435.000000000;2;9478437242;B
20240130;100304;1434.800000000;12;9478437812;S
20240130;100304;1434.800000000;38;9478437813;S
20240130;100305;1434.400000000;2;9478437937;S
20240130;100309;1434.400000000;11;9478438898;S
20240130;100309;1434.400000000;18;9478438899;S
20240130;100313;1435.000000000;10;9478439445;B
20240130;100320;1434.800000000;5;9478440509;S
20240130;100324;1435.000000000;1;9478441158;B
20240130;100327;1435.000000000;44;9478441952;B
20240130;100329;1435.000000000;11;9478442684;S
20240130;100329;1435.000000000;60;9478442685;S
20240130;100329;1435.000000000;29;9478442686;S
20240130;100340;1435.200000000;1;9478445440;B
20240130;100346;1435.000000000;1;9478446401;S
20240130;100346;1435.000000000;2;9478446402;S
20240130;100346;1435.200000000;10;9478446426;B
20240130;100346;1435.200000000;10;9478446496;B
20240130;100352;1435.200000000;1;9478447742;B
20240130;100356;1435.400000000;1;9478448491;B
20240130;100400;1435.400000000;5;9478449041;B
20240130;100400;1435.400000000;2;9478449053;B
20240130;100402;1435.200000000;1;9478449540;S
20240130;100404;1435.400000000;47;9478449839;B
20240130;100404;1435.400000000;3;9478449857;S
20240130;100405;1435.600000000;1;9478449964;B
20240130;100406;1435.800000000;1;9478450237;B
20240130;100408;1435.800000000;1;9478450509;B
20240130;100409;1435.600000000;1;9478450717;S
20240130;100422;1435.800000000;53;9478452972;B
20240130;100422;1435.800000000;13;9478452973;B
20240130;100425;1436.000000000;69;9478453946;B
20240130;100427;1436.000000000;102;9478454241;B
20240130;100427;1436.200000000;55;9478454242;B
20240130;100427;1436.200000000;75;9478454243;B
20240130;100430;1436.400000000;1;9478454668;B
20240130;100432;1436.200000000;1;9478455049;S
20240130;100432;1436.400000000;30;9478455070;B
20240130;100434;1436.400000000;19;9478455260;B
20240130;100434;1436.400000000;55;9478455261;B
20240130;100434;1436.600000000;55;9478455262;B
20240130;100434;1436.600000000;25;9478455263;B
20240130;100434;1436.600000000;139;9478455264;B
20240130;100434;1436.800000000;196;9478455265;B
20240130;100434;1436.800000000;55;9478455266;B
20240130;100434;1437.000000000;500;9478455267;B
20240130;100434;1437.000000000;1;9478455268;B
20240130;100434;1437.000000000;403;9478455327;B
20240130;100436;1436.800000000;5;9478455498;S
20240130;100436;1437.000000000;2;9478455499;B
20240130;100436;1436.800000000;10;9478455581;S
20240130;100439;1437.000000000;1;9478456173;B
20240130;100439;1437.000000000;5;9478456200;B
20240130;100441;1437.000000000;10;9478456526;B
20240130;100441;1437.000000000;2;9478456564;B
20240130;100441;1437.000000000;1000;9478456594;B
20240130;100442;1436.800000000;1;9478456708;S
20240130;100448;1437.000000000;3;9478457759;B
20240130;100448;1437.000000000;1;9478457802;B
20240130;100449;1437.000000000;1;9478457970;B
20240130;100452;1437.000000000;2;9478458665;B
20240130;100452;1437.000000000;70;9478458762;B
20240130;100452;1437.000000000;1;9478458763;B
20240130;100454;1437.000000000;2;9478459011;B
20240130;100455;1437.000000000;80;9478459210;B
20240130;100500;1437.000000000;10;9478460224;B
20240130;100501;1436.800000000;1;9478460420;S
20240130;100501;1437.000000000;42;9478460430;B
20240130;100504;1436.800000000;1;9478460919;S
20240130;100504;1437.000000000;50;9478461021;B
20240130;100507;1437.000000000;1;9478461506;B
20240130;100507;1437.000000000;315;9478461527;B
20240130;100514;1437.000000000;3;9478463139;B
20240130;100514;1437.000000000;497;9478463145;B
20240130;100514;1437.000000000;1;9478463146;B
20240130;100514;1437.000000000;1;9478463264;B
20240130;100514;1437.000000000;499;9478463265;B
20240130;100515;1437.000000000;136;9478463472;B
20240130;100516;1436.800000000;100;9478463734;S
20240130;100517;1437.000000000;1;9478463863;B
20240130;100517;1437.000000000;2;9478463900;B
20240130;100518;1437.000000000;60;9478464357;B
20240130;100519;1437.000000000;3;9478464473;B
20240130;100519;1436.800000000;11;9478464569;S
20240130;100519;1436.800000000;1;9478464570;S
20240130;100519;1436.800000000;13;9478464571;S
20240130;100522;1436.800000000;3;9478465159;S
20240130;100522;1437.000000000;103;9478465196;B
20240130;100523;1437.000000000;2;9478465254;B
20240130;100523;1437.000000000;1;9478465255;B
20240130;100523;1437.000000000;3;9478465402;B
20240130;100528;1437.000000000;5;9478466228;B
20240130;100530;1437.000000000;3;9478466396;B
20240130;100531;1437.000000000;1;9478466612;B
20240130;100531;1437.000000000;72;9478466687;B
20240130;100532;1437.000000000;1;9478466792;B
20240130;100534;1437.000000000;2;9478467252;B
20240130;100534;1436.800000000;1;9478467314;S
20240130;100535;1437.000000000;2;9478467406;B
20240130;100536;1436.800000000;3;9478467600;S
20240130;100536;1436.800000000;1;9478467601;S
20240130;100536;1436.800000000;2;9478467602;S
20240130;100537;1437.000000000;14;9478467690;B
20240130;100537;1437.000000000;15;9478467746;B
20240130;100540;1436.800000000;1;9478468393;S
20240130;100543;1437.000000000;1;9478468952;B
20240130;100546;1436.800000000;2;9478469593;S
20240130;100546;1437.000000000;20;9478469615;B
20240130;100547;1436.800000000;9;9478469992;S
20240130;100548;1437.000000000;15;9478470132;B
20240130;100551;1436.800000000;1;9478470637;S
20240130;100555;1436.800000000;1;9478471306;S
20240130;100556;1436.800000000;1;9478471397;S
20240130;100557;1437.000000000;13;9478471674;B
20240130;100558;1437.000000000;1;9478471819;B
20240130;100600;1437.000000000;1;9478472141;B
20240130;100600;1437.000000000;6;9478472287;B
20240130;100601;1437.000000000;1;9478472556;B
20240130;100601;1437.000000000;1;9478472604;B
20240130;100602;1437.000000000;13;9478472651;B
20240130;100602;1436.800000000;50;9478472678;S
20240130;100602;1436.800000000;1;9478472713;S
20240130;100602;1437.000000000;2;9478472790;B
20240130;100607;1437.000000000;1;9478473828;B
20240130;100608;1436.800000000;1;9478473921;S
20240130;100608;1437.000000000;1;9478473922;B
20240130;100609;1436.800000000;1;9478474116;S
20240130;100610;1436.800000000;20;9478474292;S
20240130;100610;1436.800000000;5;9478474293;S
20240130;100612;1437.000000000;2;9478474697;B
20240130;100612;1437.000000000;43;9478474715;B
20240130;100613;1437.000000000;1;9478474829;B
20240130;100615;1437.000000000;1;9478475254;B
20240130;100617;1437.000000000;1;9478475677;B
20240130;100617;1437.000000000;2;9478475678;B
20240130;100617;1437.000000000;12;9478475679;B
20240130;100619;1437.000000000;350;9478476085;B
20240130;100621;1437.000000000;1;9478476521;B
20240130;100621;1437.000000000;137;9478476522;B
20240130;100621;1437.000000000;115;9478476523;B
20240130;100623;1436.800000000;1;9478476832;S
20240130;100629;1436.800000000;1;9478477823;S
20240130;100630;1437.000000000;1;9478477990;B
20240130;100631;1437.000000000;4;9478478264;B
20240130;100634;1436.800000000;1;9478478681;S
20240130;100638;1437.000000000;1;9478479447;B
20240130;100639;1437.000000000;26;9478479565;B
20240130;100640;1436.800000000;1;9478479673;S
20240130;100642;1437.000000000;1;9478479942;B
20240130;100644;1437.000000000;17;9478480275;B
20240130;100645;1436.800000000;1;9478480752;S
20240130;100648;1437.000000000;1;9478481347;B
20240130;100650;1437.000000000;10;9478481707;B
20240130;100651;1437.000000000;1;9478482051;B
20240130;100657;1437.000000000;5;9478482891;B
20240130;100657;1436.800000000;1;9478482907;S
20240130;100657;1437.000000000;1;9478482942;B
20240130;100703;1437.000000000;10;9478484028;B
20240130;100704;1437.000000000;1;9478484120;B
20240130;100704;1437.000000000;23;9478484127;B
20240130;100704;1437.000000000;5;9478484189;B
20240130;100709;1436.800000000;1;9478484949;S
20240130;100710;1436.800000000;31;9478485055;S
20240130;100710;1436.800000000;1;9478485056;S
20240130;100710;1436.800000000;1;9478485057;S
20240130;100710;1436.800000000;1;9478485058;S
20240130;100710;1436.800000000;36;9478485059;S
20240130;100710;1437.000000000;50;9478485099;B
20240130;100711;1436.800000000;2;9478485273;S
20240130;100715;1437.000000000;6;9478485953;B
20240130;100715;1437.000000000;4;9478485964;B
20240130;100716;1437.000000000;24;9478486058;B
20240130;100716;1436.800000000;1;9478486103;S
20240130;100717;1437.000000000;1;9478486295;B
20240130;100719;1437.000000000;90;9478486605;B
20240130;100721;1437.000000000;10;9478486829;B
20240130;100723;1437.000000000;2;9478487143;B
20240130;100724;1436.800000000;1;9478487313;S
20240130;100724;1437.000000000;100;9478487349;B
20240130;100725;1437.000000000;1;9478487551;B
20240130;100725;1437.000000000;5;9478487560;B
20240130;100725;1437.000000000;1;9478487576;B
20240130;100725;1437.000000000;1;9478487649;B
20240130;100726;1437.000000000;348;9478487666;B
20240130;100726;1436.800000000;50;9478487676;S
20240130;100726;1437.000000000;121;9478487677;B
20240130;100728;1436.800000000;1;9478488131;S
20240130;100728;1436.800000000;21;9478488132;S
20240130;100728;1436.600000000;4;9478488133;S
20240130;100728;1436.600000000;2;9478488134;S
20240130;100728;1436.600000000;1;9478488135;S
20240130;100728;1436.600000000;1;9478488136;S
20240130;100728;1436.600000000;45;9478488137;S
20240130;100728;1436.600000000;60;9478488213;S
20240130;100728;1436.600000000;15;9478488214;S
20240130;100729;1436.800000000;75;9478488281;S
20240130;100729;1437.000000000;20;9478488313;B
20240130;100729;1436.800000000;75;9478488346;S
20240130;100729;1436.800000000;75;9478488416;S
20240130;100729;1436.800000000;75;9478488467;S
20240130;100730;1436.800000000;25;9478488537;B
20240130;100730;1437.000000000;1;9478488703;B
20240130;100733;1437.000000000;4;9478488937;B
20240130;100736;1437.000000000;1;9478489437;B
20240130;100737;1437.000000000;10;9478489597;B
20240130;100738;1436.800000000;1;9478489715;S
20240130;100741;1437.000000000;1;9478490105;B
20240130;100743;1436.800000000;1;9478490398;S
20240130;100744;1437.000000000;30;9478490518;B
20240130;100746;1437.000000000;1;9478490819;B
20240130;100750;1437.000000000;1;9478491400;B
20240130;100751;1436.800000000;1;9478491569;S
20240130;100752;1437.000000000;10;9478491678;B
20240130;100753;1436.800000000;4;9478491842;S
20240130;100753;1437.000000000;1;9478491857;B
20240130;100754;1437.000000000;9;9478491988;B
20240130;100754;1437.000000000;1;9478491989;B
20240130;100754;1437.000000000;1;9478492047;B
20240130;100754;1437.000000000;19;9478492048;B
20240130;100756;1436.800000000;15;9478492489;S
20240130;100757;1436.800000000;5;9478492562;S
20240130;100757;1437.000000000;2;9478492590;B
20240130;100758;1437.000000000;1;9478492861;B
20240130;100800;1437.000000000;2;9478493302;B
20240130;100801;1436.800000000;122;9478493462;S
20240130;100801;1436.800000000;173;9478493494;S
20240130;100801;1436.800000000;20;9478493495;S
20240130;100801;1436.800000000;35;9478493496;S
20240130;100801;1436.800000000;24;9478493497;S
20240130;100801;1436.800000000;3;9478493498;S
20240130;100802;1436.600000000;30;9478493618;B
20240130;100803;1436.600000000;25;9478493788;B
20240130;100805;1436.600000000;1;9478494109;B
20240130;100811;1436.400000000;20;9478494927;S
20240130;100813;1436.600000000;1;9478495366;B
20240130;100816;1436.600000000;10;9478495807;B
20240130;100816;1436.600000000;30;9478495883;B
20240130;100816;1436.600000000;6;9478495902;B
20240130;100817;1436.600000000;2;9478496070;B
20240130;100818;1436.600000000;2;9478496185;B
20240130;100823;1436.400000000;1;9478497036;S
20240130;100823;1436.400000000;20;9478497037;S
20240130;100823;1436.400000000;54;9478497038;S
20240130;100823;1436.200000000;1;9478497132;S
20240130;100823;1436.200000000;55;9478497133;S
20240130;100823;1436.000000000;15;9478497134;S
20240130;100823;1436.000000000;1;9478497135;S
20240130;100823;1436.000000000;3;9478497136;S
20240130;100824;1436.200000000;1;9478497212;S
20240130;100827;1436.200000000;35;9478497527;S
20240130;100827;1436.000000000;52;9478497635;S
20240130;100827;1436.000000000;23;9478497636;S
20240130;100827;1436.000000000;40;9478497730;S
20240130;100827;1436.000000000;35;9478497731;S
20240130;100827;1436.000000000;18;9478497760;S
20240130;100828;1436.200000000;3;9478497929;B
20240130;100828;1436.000000000;20;9478497930;S
20240130;100832;1436.200000000;25;9478498535;B
20240130;100833;1436.000000000;7;9478498689;S
20240130;100833;1435.800000000;10;9478498690;S
20240130;100833;1435.800000000;3;9478498691;S
20240130;100834;1436.000000000;10;9478498903;S
20240130;100839;1436.000000000;14;9478499576;S
20240130;100840;1436.200000000;2;9478499629;B
20240130;100840;1436.200000000;1;9478499658;B
20240130;100840;1436.200000000;1;9478499709;B
20240130;100840;1436.200000000;6;9478499797;B
20240130;100840;1436.400000000;23;9478499798;B
20240130;100840;1436.600000000;53;9478499799;B
20240130;100840;1436.600000000;9;9478499800;B
20240130;100840;1436.600000000;25;9478499801;B
20240130;100840;1436.800000000;84;9478499802;B
20240130;100844;1436.600000000;2;9478500326;B
20240130;100850;1436.600000000;53;9478501625;B
20240130;100853;1436.600000000;20;9478502095;B
20240130;100853;1436.400000000;1;9478502186;S
20240130;100854;1436.200000000;1;9478502261;S
20240130;100900;1436.600000000;7;9478503039;B
20240130;100901;1436.200000000;1;9478503561;S
20240130;100903;1436.400000000;3;9478503944;B
20240130;100908;1436.200000000;10;9478504692;S
20240130;100909;1436.600000000;3;9478504796;B
20240130;100920;1436.400000000;1;9478506710;S
20240130;100924;1436.600000000;1;9478507303;B
20240130;100927;1436.200000000;3;9478507835;S
20240130;100927;1436.200000000;22;9478507836;S
20240130;100927;1436.200000000;15;9478507837;S
20240130;100928;1436.600000000;1;9478507931;B
20240130;100938;1436.400000000;30;9478509842;B
20240130;100939;1436.400000000;1;9478510044;B
20240130;100944;1436.400000000;4;9478510644;B
20240130;100945;1436.400000000;1;9478510830;B
20240130;100945;1436.400000000;1;9478510951;B
20240130;100946;1436.400000000;1;9478510974;B
20240130;100951;1436.400000000;4;9478511848;B
20240130;100952;1436.400000000;3;9478511956;B
20240130;100952;1436.600000000;7;9478512039;B
20240130;100953;1436.600000000;1;9478512112;B
20240130;100956;1436.600000000;8;9478512816;B
20240130;100956;1436.600000000;5;9478512817;B
20240130;100957;1436.600000000;5;9478512858;B
20240130;101001;1436.800000000;2;9478513627;B
20240130;101005;1436.400000000;1;9478514266;S
20240130;101011;1436.800000000;1;9478515322;B
20240130;101014;1436.800000000;13;9478515789;B
20240130;101019;1436.800000000;2;9478516820;B
20240130;101022;1436.800000000;1;9478517186;B
20240130;101024;1436.600000000;93;9478517558;S
20240130;101024;1436.600000000;4;9478517559;S
20240130;101029;1436.600000000;1;9478518258;B
20240130;101030;1436.400000000;6;9478518340;S
20240130;101030;1436.400000000;2;9478518341;S
20240130;101030;1436.400000000;20;9478518342;S
20240130;101030;1436.200000000;144;9478518343;S
20240130;101030;1436.200000000;2;9478518358;S
20240130;101031;1436.000000000;1;9478518564;S
20240130;101031;1436.000000000;4;9478518565;S
20240130;101035;1436.400000000;14;9478519162;B
20240130;101037;1436.400000000;35;9478519368;B
20240130;101037;1436.400000000;1;9478519374;B
20240130;101040;1436.400000000;13;9478519723;B
20240130;101040;1436.400000000;10;9478519849;B
20240130;101040;1436.400000000;2;9478519871;B
20240130;101043;1436.000000000;7;9478520346;S
20240130;101044;1436.400000000;1;9478520476;B
20240130;101049;1436.400000000;1;9478521575;B
20240130;101055;1436.600000000;1;9478522389;B
20240130;101056;1436.600000000;1;9478522539;B
20240130;101058;1436.600000000;1;9478522818;B
20240130;101059;1436.400000000;1;9478522909;S
20240130;101059;1436.600000000;1;9478522978;B
20240130;101100;1436.600000000;1;9478523051;B
20240130;101100;1436.600000000;1;9478523063;B
20240130;101101;1436.600000000;2;9478523209;B
20240130;101102;1436.600000000;10;9478523378;B
20240130;101103;1436.600000000;1;9478523518;B
20240130;101107;1436.600000000;6;9478524071;B
20240130;101109;1436.600000000;2;9478524387;B
20240130;101111;1436.400000000;4;9478524559;S
20240130;101111;1436.400000000;1;9478524560;S
20240130;101111;1436.600000000;20;9478524595;B
20240130;101116;1436.400000000;1;9478525333;S
20240130;101116;1436.400000000;4;9478525334;S
20240130;101117;1436.400000000;1;9478525511;S
20240130;101120;1436.600000000;5;9478526125;B
20240130;101125;1436.600000000;20;9478526924;B
20240130;101125;1436.600000000;1;9478526969;B
20240130;101125;1436.600000000;1;9478527018;B
20240130;101126;1436.600000000;15;9478527133;B
20240130;101127;1436.600000000;3;9478527368;B
20240130;101127;1436.600000000;2;9478527400;B
20240130;101128;1436.600000000;1;9478527460;B
20240130;101129;1436.400000000;1;9478527740;S
20240130;101131;1436.400000000;1;9478528146;S
20240130;101133;1436.600000000;9;9478528324;B
20240130;101133;1436.600000000;1;9478528386;B
20240130;101136;1436.400000000;1;9478528771;S
20240130;101136;1436.400000000;4;9478528803;S
20240130;101137;1436.600000000;1;9478528935;B
20240130;101139;1436.600000000;1;9478529126;B
20240130;101140;1436.400000000;6;9478529332;S
20240130;101140;1436.400000000;1;9478529333;S
20240130;101140;1436.400000000;38;9478529334;S
20240130;101140;1436.600000000;10;9478529360;B
20240130;101141;1436.400000000;9;9478529475;S
20240130;101143;1436.400000000;5;9478529746;S
20240130;101143;1436.600000000;6;9478529787;B
20240130;101144;1436.600000000;20;9478529825;B
20240130;101144;1436.600000000;3;9478529905;B
20240130;101144;1436.400000000;1;9478529916;S
20240130;101145;1436.600000000;1;9478529952;B
20240130;101146;1436.600000000;35;9478530151;B
20240130;101147;1436.600000000;70;9478530406;B
20240130;101151;1436.400000000;10;9478530766;S
20240130;101152;1436.600000000;10;9478530860;B
20240130;101156;1436.600000000;1;9478531476;B
20240130;101200;1436.600000000;66;9478532149;B
20240130;101200;1436.600000000;1;9478532150;B
20240130;101200;1436.800000000;142;9478532151;B
20240130;101200;1436.800000000;81;9478532152;B
20240130;101200;1436.600000000;1;9478532153;S
20240130;101200;1436.600000000;10;9478532237;S
20240130;101200;1436.600000000;4;9478532259;S
20240130;101209;1436.600000000;5;9478533486;S
20240130;101210;1436.800000000;1;9478533766;B
20240130;101210;1436.800000000;9;9478533803;B
20240130;101218;1436.800000000;2;9478535004;B
20240130;101224;1436.800000000;1;9478535853;B
20240130;101224;1436.800000000;2;9478535964;B
20240130;101225;1436.800000000;4;9478536025;B
20240130;101225;1436.800000000;5;9478536032;S
20240130;101227;1437.000000000;6;9478536361;B
20240130;101228;1437.000000000;1;9478536453;B
20240130;101228;1437.000000000;10;9478536496;B
20240130;101233;1437.000000000;8;9478537175;B
20240130;101235;1437.000000000;4;9478537434;B
20240130;101235;1437.000000000;15;9478537495;B
20240130;101235;1437.000000000;11;9478537502;B
20240130;101236;1437.000000000;50;9478537565;B
20240130;101236;1437.000000000;1;9478537657;B
20240130;101239;1437.000000000;1;9478537902;B
20240130;101252;1437.000000000;100;9478539790;B
20240130;101256;1437.000000000;90;9478540281;B
20240130;101257;1437.000000000;29;9478540552;B
20240130;101257;1437.000000000;71;9478540553;B
20240130;101259;1437.000000000;1;9478540797;B
20240130;101300;1436.800000000;1;9478540935;S
20240130;101300;1436.800000000;5;9478540936;S
20240130;101303;1436.800000000;1;9478541579;S
20240130;101304;1436.800000000;2;9478541659;S
20240130;101307;1436.800000000;15;9478542318;S
20240130;101314;1437.000000000;14;9478543433;B
20240130;101318;1437.000000000;1;9478544145;B
20240130;101319;1437.000000000;1;9478544254;B
20240130;101320;1436.800000000;7;9478544370;S
20240130;101322;1437.000000000;5;9478544752;B
20240130;101323;1436.800000000;1;9478544869;S
20240130;101323;1436.800000000;5;9478544939;S
20240130;101325;1437.000000000;122;9478545472;B
20240130;101326;1437.000000000;1;9478545592;B
20240130;101329;1437.000000000;10;9478546022;B
20240130;101330;1437.000000000;1;9478546070;B
20240130;101332;1437.000000000;2;9478546409;B
20240130;101335;1437.000000000;2;9478546794;B
20240130;101337;1437.000000000;5;9478547172;B
20240130;101338;1437.000000000;118;9478547404;B
20240130;101339;1437.000000000;146;9478547578;B
20240130;101339;1437.000000000;1;9478547579;B
20240130;101339;1437.000000000;10;9478547580;B
20240130;101339;1437.000000000;43;9478547581;B
20240130;101340;1436.800000000;2;9478547638;S
20240130;101340;1437.000000000;1;9478547663;B
20240130;101340;1437.000000000;5;9478547676;B
20240130;101343;1436.800000000;1;9478548119;S
20240130;101343;1436.800000000;1;9478548127;S
20240130;101344;1437.000000000;2;9478548381;B
20240130;101348;1436.800000000;70;9478548954;S
20240130;101348;1436.800000000;3;9478548955;S
20240130;101348;1436.800000000;55;9478548956;S
20240130;101348;1436.800000000;1;9478548957;S
20240130;101349;1436.600000000;2;9478549065;S
20240130;101350;1436.800000000;1;9478549186;B
20240130;101351;1436.800000000;9;9478549248;B
20240130;101352;1436.800000000;2;9478549390;B
20240130;101354;1436.800000000;1;9478549691;B
20240130;101358;1436.800000000;1;9478550275;B
20240130;101401;1436.600000000;1;9478550711;S
20240130;101401;1436.600000000;1;9478550712;S
20240130;101402;1436.800000000;1;9478550716;B
20240130;101403;1436.800000000;10;9478550969;B
20240130;101405;1436.800000000;15;9478551258;B
20240130;101407;1436.600000000;1;9478551399;S
20240130;101407;1436.600000000;3;9478551400;S
20240130;101407;1436.800000000;11;9478551471;B
20240130;101409;1436.800000000;100;9478551716;B
20240130;101409;1436.800000000;2;9478551731;B
20240130;101411;1436.600000000;2;9478551953;S
20240130;101413;1436.800000000;22;9478552188;B
20240130;101416;1436.800000000;70;9478552596;B
20240130;101416;1436.800000000;34;9478552644;B
20240130;101417;1436.600000000;1;9478552750;S
20240130;101422;1436.800000000;40;9478553273;B
20240130;101426;1436.800000000;1;9478553964;B
20240130;101427;1436.800000000;1;9478553986;B
20240130;101427;1436.800000000;100;9478554041;B
20240130;101427;1436.600000000;2;9478554043;S
20240130;101429;1436.800000000;77;9478554248;B
20240130;101429;1436.800000000;50;9478554297;B
20240130;101434;1436.600000000;1;9478554905;S
20240130;101441;1436.600000000;1;9478555796;S
20240130;101444;1436.800000000;80;9478556120;B
20240130;101444;1436.800000000;3;9478556136;B
20240130;101444;1436.800000000;4;9478556162;B
20240130;101445;1436.800000000;1;9478556232;B
20240130;101445;1436.800000000;3;9478556347;B
20240130;101451;1436.800000000;1;9478557171;B
20240130;101455;1436.800000000;1;9478557521;B
20240130;101455;1436.800000000;25;9478557548;B
20240130;101502;1436.600000000;1;9478558402;S
20240130;101502;1436.600000000;2;9478558494;S
20240130;101502;1436.800000000;1;9478558535;B
20240130;101503;1436.600000000;1;9478558643;S
20240130;101503;1436.600000000;1;9478558725;S
20240130;101506;1436.600000000;2;9478559297;S
20240130;101508;1436.600000000;3;9478559520;S
20240130;101508;1436.600000000;1;9478559521;S
20240130;101508;1436.400000000;17;9478559522;S
20240130;101508;1436.400000000;3;9478559523;S
20240130;101508;1436.400000000;26;9478559524;S
20240130;101511;1436.000000000;1;9478560182;S
20240130;101511;1436.000000000;1;9478560222;S
20240130;101511;1436.000000000;1;9478560361;S
20240130;101514;1436.000000000;1;9478560971;S
20240130;101515;1436.000000000;2;9478561210;S
20240130;101517;1436.200000000;1;9478561501;B
20240130;101519;1436.000000000;1;9478561913;S
20240130;101519;1436.200000000;1;9478561962;B
20240130;101522;1436.200000000;1;9478562549;B
20240130;101534;1436.000000000;2;9478564804;S
20240130;101534;1436.000000000;3;9478564920;S
20240130;101537;1436.400000000;1;9478565376;B
20240130;101538;1436.200000000;7;9478565612;S
20240130;101541;1436.400000000;1;9478566250;B
20240130;101548;1436.400000000;1;9478567705;B
20240130;101549;1436.200000000;7;9478567978;S
20240130;101550;1436.400000000;1;9478568135;B
20240130;101551;1436.400000000;2;9478568386;B
20240130;101554;1436.400000000;2;9478568937;B
20240130;101554;1436.200000000;1;9478568945;S
20240130;101557;1436.200000000;18;9478569428;S
20240130;101557;1436.200000000;18;9478569455;S
20240130;101557;1436.200000000;24;9478569509;S
20240130;101557;1436.200000000;4;9478569534;S
20240130;101557;1436.200000000;1;9478569535;S
20240130;101557;1436.000000000;19;9478569536;S
20240130;101557;1436.000000000;28;9478569551;S
20240130;101557;1436.000000000;2;9478569552;S
20240130;101557;1436.000000000;4;9478569553;S
20240130;101557;1436.000000000;5;9478569554;S
20240130;101557;1436.000000000;36;9478569555;S
20240130;101557;1436.000000000;19;9478569595;S
20240130;101557;1436.000000000;19;9478569663;S
20240130;101557;1436.000000000;4;9478569711;S
20240130;101557;1436.000000000;1;9478569712;S
20240130;101557;1436.000000000;1;9478569713;S
20240130;101557;1436.000000000;1;9478569714;S
20240130;101557;1436.000000000;1;9478569715;S
20240130;101557;1436.000000000;7;9478569772;S
20240130;101557;1436.000000000;1;9478569773;S
20240130;101557;1436.000000000;6;9478569783;S
20240130;101557;1436.000000000;2;9478569784;S
20240130;101557;1436.000000000;6;9478569785;S
20240130;101557;1436.000000000;15;9478569786;S
20240130;101557;1436.000000000;15;9478569787;S
20240130;101557;1436.000000000;2;9478569788;S
20240130;101557;1436.000000000;1;9478569789;S
20240130;101557;1436.000000000;28;9478569790;S
20240130;101557;1436.000000000;68;9478569902;S
20240130;101557;1436.000000000;7;9478569903;S
20240130;101557;1436.000000000;293;9478569952;S
20240130;101557;1436.000000000;67;9478569953;S
20240130;101559;1435.800000000;2;9478570227;B
20240130;101600;1435.600000000;23;9478570455;S
20240130;101600;1435.600000000;100;9478570456;S
20240130;101600;1435.600000000;77;9478570457;S
20240130;101601;1436.000000000;1;9478570602;B
20240130;101604;1436.000000000;6;9478571278;B
20240130;101605;1436.000000000;1;9478571332;B
20240130;101616;1436.000000000;1;9478573621;B
20240130;101618;1435.400000000;1;9478574457;S
20240130;101619;1435.800000000;16;9478574574;B
20240130;101621;1436.000000000;96;9478575092;B
20240130;101621;1436.000000000;10;9478575093;B
20240130;101626;1435.400000000;4;9478575774;S
20240130;101629;1435.400000000;4;9478576265;S
20240130;101629;1435.400000000;10;9478576266;S
20240130;101632;1435.800000000;1;9478577094;B
20240130;101647;1435.800000000;1;9478579770;B
20240130;101648;1435.800000000;1;9478580099;B
20240130;101653;1435.800000000;1;9478581215;B
20240130;101655;1435.800000000;30;9478581420;B
20240130;101700;1435.800000000;2;9478582343;B
20240130;101701;1435.800000000;1;9478582466;B
20240130;101701;1435.800000000;1;9478582566;B
20240130;101705;1435.400000000;3;9478583172;S
20240130;101705;1435.400000000;1;9478583232;S
20240130;101712;1435.800000000;2;9478584376;B
20240130;101713;1435.400000000;2;9478584425;S
20240130;101719;1435.800000000;3;9478585454;B
20240130;101719;1435.800000000;3;9478585503;B
20240130;101720;1435.800000000;50;9478585569;B
20240130;101722;1435.800000000;3;9478585916;B
20240130;101722;1435.800000000;2;9478585917;B
20240130;101724;1435.400000000;4;9478586223;S
20240130;101724;1435.400000000;5;9478586224;S
20240130;101724;1435.400000000;1;9478586225;S
20240130;101724;1435.400000000;1;9478586226;S
20240130;101724;1435.200000000;1;9478586227;S
20240130;101724;1435.200000000;26;9478586228;S
20240130;101724;1435.200000000;25;9478586229;S
20240130;101724;1435.200000000;1;9478586230;S
20240130;101724;1435.200000000;7;9478586231;S
20240130;101724;1435.200000000;1;9478586232;S
20240130;101724;1435.000000000;10;9478586233;S
20240130;101724;1435.000000000;5;9478586234;S
20240130;101724;1435.000000000;1;9478586235;S
20240130;101724;1435.000000000;1;9478586236;S
20240130;101724;1435.000000000;2;9478586237;S
20240130;101724;1435.000000000;1;9478586238;S
20240130;101724;1435.000000000;646;9478586239;S
20240130;101724;1435.200000000;25;9478586241;S
20240130;101724;1435.000000000;175;9478586242;S
20240130;101728;1435.400000000;3;9478586881;B
20240130;101736;1435.000000000;5;9478588289;S
20240130;101738;1435.400000000;3;9478588550;B
20240130;101747;1435.000000000;1;9478590233;S
20240130;101751;1435.000000000;414;9478591255;S
20240130;101751;1435.000000000;1;9478591256;S
20240130;101751;1435.000000000;1;9478591257;S
20240130;101751;1435.000000000;60;9478591258;S
20240130;101751;1435.000000000;3;9478591259;S
20240130;101751;1435.000000000;3;9478591260;S
20240130;101751;1435.000000000;2;9478591261;S
20240130;101751;1435.000000000;1;9478591262;S
20240130;101751;1435.000000000;1;9478591263;S
20240130;101751;1435.000000000;2;9478591264;S
20240130;101751;1435.000000000;1;9478591265;S
20240130;101751;1435.000000000;10;9478591266;S
20240130;101751;1435.000000000;1;9478591267;S
20240130;101752;1435.000000000;4;9478591381;S
20240130;101752;1435.000000000;4;9478591382;S
20240130;101752;1435.000000000;1;9478591383;S
20240130;101752;1435.000000000;23;9478591384;S
20240130;101755;1435.200000000;5;9478592071;B
20240130;101758;1435.200000000;1;9478592744;B
20240130;101800;1435.200000000;50;9478593017;B
20240130;101801;1435.000000000;2;9478593139;S
20240130;101802;1435.200000000;3;9478593338;B
20240130;101805;1435.200000000;1;9478593918;B
20240130;101806;1435.000000000;5;9478594171;S
20240130;101806;1435.000000000;2;9478594172;S
20240130;101806;1435.000000000;1;9478594173;S
20240130;101806;1435.000000000;1;9478594174;S
20240130;101806;1435.000000000;1;9478594175;S
20240130;101806;1435.000000000;1;9478594176;S
20240130;101806;1435.000000000;1;9478594177;S
20240130;101806;1435.000000000;1;9478594178;S
20240130;101806;1435.000000000;2;9478594179;S
20240130;101806;1435.000000000;1;9478594180;S
20240130;101806;1435.000000000;1;9478594181;S
20240130;101806;1435.000000000;27;9478594182;S
20240130;101806;1435.000000000;25;9478594183;S
20240130;101806;1435.000000000;139;9478594184;S
20240130;101806;1434.800000000;1000;9478594185;S
20240130;101806;1434.800000000;10;9478594186;S
20240130;101806;1434.800000000;14;9478594187;S
20240130;101806;1434.800000000;1;9478594188;S
20240130;101810;1434.800000000;2;9478594928;B
20240130;101810;1434.600000000;4;9478594976;S
20240130;101810;1434.600000000;1;9478594977;S
20240130;101810;1434.600000000;4;9478594978;S
20240130;101810;1434.600000000;2;9478594979;S
20240130;101810;1434.600000000;20;9478594986;S
20240130;101810;1434.800000000;1;9478595111;B
20240130;101814;1434.800000000;1;9478595954;B
20240130;101819;1434.800000000;1;9478596938;B
20240130;101824;1434.600000000;4;9478597911;S
20240130;101827;1434.800000000;3;9478598701;B
20240130;101828;1434.600000000;5;9478598867;S
20240130;101829;1434.800000000;1;9478599241;B
20240130;101831;1434.800000000;2;9478599572;B
20240130;101832;1434.800000000;7;9478599782;B
20240130;101832;1434.800000000;2;9478599844;B
20240130;101832;1434.800000000;13;9478599897;B
20240130;101842;1434.800000000;7;9478601487;B
20240130;101846;1434.800000000;50;9478602237;B
20240130;101847;1434.800000000;10;9478602243;B
20240130;101852;1434.800000000;2;9478603210;B
20240130;101853;1434.600000000;1;9478603324;S
20240130;101854;1434.800000000;104;9478603417;B
20240130;101859;1434.800000000;1;9478604219;B
20240130;101903;1434.800000000;5;9478605101;B
20240130;101905;1434.800000000;1;9478605505;B
20240130;101908;1434.800000000;2;9478606228;B
20240130;101914;1434.600000000;2;9478607343;S
20240130;101915;1434.800000000;1;9478607389;B
20240130;101920;1434.800000000;2;9478608293;B
20240130;101921;1434.600000000;1;9478608423;S
20240130;101921;1434.800000000;2;9478608514;B
20240130;101924;1434.800000000;1;9478608920;B
20240130;101925;1434.800000000;1;9478609037;B
20240130;101927;1434.600000000;15;9478609351;S
20240130;101927;1434.600000000;1;9478609352;S
20240130;101927;1434.600000000;50;9478609353;S
20240130;101927;1434.600000000;84;9478609354;S
20240130;101929;1434.800000000;15;9478609641;B
20240130;101930;1434.800000000;5;9478609710;B
20240130;101931;1434.800000000;6;9478609883;B
20240130;101934;1434.800000000;2;9478610266;B
20240130;101943;1434.800000000;2;9478611943;B
20240130;101946;1434.600000000;1;9478612413;S
20240130;101946;1434.600000000;33;9478612414;S
20240130;101951;1434.800000000;1;9478613831;B
20240130;101958;1434.800000000;14;9478615117;B
20240130;101958;1434.800000000;100;9478615118;B
20240130;101958;1434.800000000;2;9478615119;B
20240130;101958;1434.800000000;30;9478615120;B
20240130;101958;1435.000000000;150;9478615121;B
20240130;101958;1435.200000000;75;9478615122;B
20240130;101958;1435.600000000;10;9478615125;B
20240130;101958;1435.600000000;10;9478615192;S
20240130;101959;1435.600000000;7;9478615267;S
20240130;101959;1435.600000000;6;9478615336;S
20240130;102001;1435.800000000;1;9478615656;B
20240130;102007;1435.800000000;1;9478616941;B
20240130;102011;1435.800000000;1;9478617710;B
20240130;102015;1435.800000000;4;9478619807;B
20240130;102016;1435.800000000;20;9478620035;B
20240130;102016;1435.800000000;1;9478620047;B
20240130;102018;1435.800000000;7;9478621312;B
20240130;102021;1435.800000000;1;9478622038;B
20240130;102024;1435.800000000;1;9478624262;B
20240130;102027;1435.800000000;4;9478625214;S
20240130;102028;1436.000000000;3;9478625231;B
20240130;102028;1436.000000000;97;9478626288;B
20240130;102028;1436.000000000;3;9478626289;B
20240130;102033;1436.000000000;1;9478627893;B
20240130;102033;1436.000000000;1;9478627902;B
20240130;102035;1436.000000000;135;9478629065;B
20240130;102039;1436.000000000;3;9478630454;B
20240130;102039;1435.800000000;1;9478630566;S
20240130;102039;1436.000000000;157;9478630605;B
20240130;102040;1436.400000000;1;9478631169;B
20240130;102044;1436.400000000;3;9478632529;B
20240130;102044;1436.400000000;4;9478632788;B
20240130;102044;1436.400000000;9;9478632789;B
20240130;102044;1436.400000000;2;9478632790;B
20240130;102044;1436.400000000;15;9478632791;B
20240130;102047;1436.600000000;1;9478634870;B
20240130;102048;1436.600000000;5;9478634988;B
20240130;102049;1436.600000000;2;9478635095;B
20240130;102049;1436.600000000;1;9478635288;B
20240130;102050;1436.400000000;10;9478635631;S
20240130;102056;1436.600000000;1;9478638301;B
20240130;102058;1436.600000000;1;9478639012;B
20240130;102100;1436.600000000;3;9478639277;B
20240130;102102;1436.600000000;9;9478640021;B
20240130;102104;1436.600000000;5;9478640456;B
20240130;102109;1436.600000000;2;9478641609;B
20240130;102111;1436.400000000;8;9478642964;S
20240130;102111;1436.600000000;1;9478643035;B
20240130;102112;1436.600000000;5;9478643100;B
20240130;102116;1436.600000000;10;9478645009;B
20240130;102117;1436.600000000;1;9478645048;B
20240130;102121;1436.600000000;1;9478646525;B
20240130;102121;1436.400000000;1;9478646534;S
20240130;102121;1436.400000000;1;9478646535;S
20240130;102125;1436.600000000;1;9478647172;B
20240130;102131;1436.600000000;1;9478649864;B
20240130;102132;1436.600000000;1;9478649896;B
20240130;102134;1436.400000000;1;9478650466;S
20240130;102134;1436.600000000;12;9478650533;B
20240130;102136;1436.600000000;5;9478650674;B
20240130;102136;1436.600000000;20;9478650724;B
20240130;102137;1436.600000000;1;9478651370;B
20240130;102137;1436.400000000;104;9478651416;S
20240130;102138;1436.400000000;1;9478651424;B
20240130;102139;1436.400000000;5;9478652270;B
20240130;102140;1436.400000000;1;9478652650;B
20240130;102141;1436.200000000;1;9478652667;S
20240130;102141;1436.400000000;2;9478652669;B
20240130;102150;1436.200000000;1;9478655504;S
20240130;102150;1436.400000000;1;9478655539;B
20240130;102152;1436.400000000;2;9478655925;B
20240130;102153;1436.400000000;1;9478656104;B
20240130;102155;1436.400000000;4;9478656593;B
20240130;102155;1436.400000000;3;9478656603;B
20240130;102202;1436.400000000;2;9478658671;B
20240130;102204;1436.200000000;1;9478659076;S
20240130;102204;1436.200000000;4;9478659077;S
20240130;102210;1436.400000000;97;9478661732;B
20240130;102213;1436.400000000;3;9478662969;S
20240130;102213;1436.400000000;59;9478662970;S
20240130;102216;1436.600000000;1;9478664089;B
20240130;102218;1436.400000000;75;9478664514;S
20240130;102219;1436.400000000;2;9478664684;B
20240130;102219;1436.400000000;1;9478664727;B
20240130;102220;1436.400000000;3;9478664985;B
20240130;102221;1436.400000000;4;9478665137;B
20240130;102222;1436.400000000;10;9478665276;B
20240130;102230;1436.400000000;6;9478668791;B
20240130;102230;1436.400000000;100;9478668792;B
20240130;102230;1436.400000000;25;9478668793;B
20240130;102230;1436.400000000;10;9478668794;B
20240130;102230;1436.600000000;210;9478668795;B
20240130;102230;1436.600000000;76;9478668796;B
20240130;102231;1436.400000000;4;9478668880;B
20240130;102234;1436.600000000;1;9478669304;B
20240130;102241;1436.400000000;1;9478672335;B
20240130;102242;1436.400000000;1;9478672444;B
20240130;102245;1436.200000000;5;9478672917;S
20240130;102246;1436.400000000;1;9478673462;B
20240130;102247;1436.400000000;17;9478674135;B
20240130;102247;1436.400000000;14;9478674136;B
20240130;102247;1436.400000000;196;9478674137;B
20240130;102254;1436.600000000;4;9478675702;B
20240130;102256;1436.600000000;37;9478676399;B
20240130;102257;1436.600000000;2;9478676489;B
20240130;102257;1436.400000000;1;9478676706;S
20240130;102259;1436.600000000;21;9478677803;B
20240130;102302;1436.600000000;53;9478678459;B
20240130;102303;1436.400000000;1;9478678613;S
20240130;102303;1436.400000000;1;9478678614;S
20240130;102305;1436.600000000;100;9478678872;B
20240130;102306;1436.600000000;420;9478679672;B
20240130;102306;1436.600000000;125;9478679673;B
20240130;102310;1436.600000000;4;9478680793;B
20240130;102311;1436.400000000;100;9478681036;S
20240130;102316;1436.600000000;2;9478682691;B
20240130;102320;1436.600000000;10;9478684119;B
20240130;102321;1436.600000000;6;9478684547;B
20240130;102323;1436.600000000;38;9478684778;B
20240130;102324;1436.400000000;2;9478685281;S
20240130;102332;1436.600000000;1;9478687970;B
20240130;102333;1436.400000000;1;9478688539;S
20240130;102336;1436.600000000;30;9478689293;B
20240130;102337;1436.600000000;1;9478689422;B
20240130;102338;1436.600000000;1;9478689755;B
20240130;102338;1436.600000000;1;9478689756;B
20240130;102340;1436.600000000;2;9478690568;B
20240130;102341;1436.600000000;3;9478690686;B
20240130;102353;1436.800000000;2;9478694592;B
20240130;102354;1436.800000000;4;9478694752;B
20240130;102354;1436.800000000;3;9478694757;B
20240130;102354;1436.600000000;10;9478694768;S
20240130;102354;1436.800000000;3;9478695145;B
20240130;102355;1436.800000000;1;9478695204;B
20240130;102355;1436.800000000;3;9478695332;B
20240130;102355;1436.800000000;3;9478695342;B
20240130;102356;1436.800000000;3;9478695348;B
20240130;102356;1436.800000000;4;9478695349;B
20240130;102356;1436.800000000;13;9478695353;B
20240130;102356;1436.800000000;3;9478695357;B
20240130;102356;1436.800000000;8;9478695362;B
20240130;102356;1436.800000000;18;9478695365;B
20240130;102356;1436.800000000;5;9478695367;B
20240130;102356;1436.800000000;4;9478695369;B
20240130;102356;1436.800000000;9;9478695370;B
20240130;102356;1436.800000000;3;9478695371;B
20240130;102356;1436.800000000;14;9478695372;B
20240130;102356;1436.600000000;5;9478695376;S
20240130;102356;1436.800000000;3;9478695390;B
20240130;102356;1436.800000000;3;9478695391;B
20240130;102357;1436.800000000;4;9478696044;B
20240130;102357;1436.800000000;1;9478696067;B
20240130;102357;1436.600000000;3;9478696095;S
20240130;102357;1436.800000000;2;9478696108;B
20240130;102357;1436.800000000;2;9478696109;B
20240130;102359;1437.000000000;40;9478696286;B
20240130;102359;1437.000000000;9;9478696301;B
20240130;102359;1437.000000000;3;9478696302;B
20240130;102359;1437.000000000;1;9478696303;B
20240130;102359;1437.000000000;2;9478696304;B
20240130;102359;1437.000000000;5;9478696305;B
20240130;102405;1437.000000000;1;9478698629;B
20240130;102405;1437.000000000;4;9478698856;B
20240130;102405;1437.000000000;1;9478698857;B
20240130;102405;1437.000000000;95;9478698858;B
20240130;102407;1437.000000000;50;9478699051;B
20240130;102411;1436.800000000;1;9478700363;S
20240130;102411;1436.800000000;5;9478700364;S
20240130;102411;1436.800000000;4;9478700365;S
20240130;102411;1436.800000000;5;9478700366;S
20240130;102411;1436.800000000;7;9478700367;S
20240130;102411;1436.800000000;22;9478700368;S
20240130;102411;1436.800000000;40;9478700369;S
20240130;102411;1436.800000000;5;9478700370;S
20240130;102411;1436.600000000;7;9478700371;S
20240130;102412;1437.000000000;10;9478700625;B
20240130;102413;1436.800000000;1;9478700686;S
20240130;102414;1437.000000000;3;9478701519;B
20240130;102415;1436.800000000;1;9478702137;S
20240130;102417;1437.000000000;3;9478702360;B
20240130;102419;1437.000000000;1;9478702883;B
20240130;102420;1437.000000000;1;9478702936;B
20240130;102423;1437.000000000;34;9478703860;B
20240130;102425;1437.000000000;9;9478703993;B
20240130;102437;1437.000000000;33;9478707992;B
20240130;102438;1437.000000000;2;9478708722;B
20240130;102439;1437.000000000;1;9478708839;B
20240130;102439;1437.000000000;1;9478708840;B
20240130;102439;1437.000000000;3;9478708851;B
20240130;102439;1437.000000000;2;9478708852;B
20240130;102439;1437.000000000;1;9478708853;B
20240130;102439;1437.000000000;1;9478708856;B
20240130;102439;1437.000000000;1;9478708858;B
20240130;102439;1437.000000000;1;9478708859;B
20240130;102439;1437.000000000;1;9478708860;B
20240130;102439;1437.000000000;1;9478708864;B
20240130;102440;1437.000000000;1;9478708870;B
20240130;102440;1437.000000000;1;9478708871;B
20240130;102440;1437.000000000;1;9478708873;B
20240130;102440;1437.000000000;1;9478708877;B
20240130;102440;1437.000000000;1;9478708886;B
20240130;102440;1437.000000000;3;9478708888;B
20240130;102440;1437.000000000;1;9478708889;B
20240130;102440;1437.000000000;1;9478708892;B
20240130;102440;1437.000000000;1;9478708893;B
20240130;102440;1437.000000000;1;9478708896;B
20240130;102440;1437.000000000;1;9478708898;B
20240130;102440;1437.000000000;1;9478708901;B
20240130;102440;1437.000000000;1;9478708902;B
20240130;102440;1437.000000000;3;9478708903;B
20240130;102440;1437.000000000;1;9478708905;B
20240130;102440;1437.000000000;1;9478708907;B
20240130;102440;1437.000000000;1;9478708909;B
20240130;102440;1437.000000000;1;9478708910;B
20240130;102440;1437.000000000;3;9478708912;B
20240130;102440;1437.000000000;1;9478708915;B
20240130;102440;1437.000000000;1;9478708916;B
20240130;102440;1437.000000000;1;9478708918;B
20240130;102440;1437.000000000;1;9478708921;B
20240130;102440;1437.000000000;1;9478708922;B
20240130;102440;1437.000000000;1;9478708923;B
20240130;102440;1437.000000000;1;9478708956;B
20240130;102440;1437.000000000;1;9478708957;B
20240130;102440;1437.000000000;3;9478708977;B
20240130;102440;1437.000000000;2;9478708979;B
20240130;102440;1437.000000000;1;9478708989;B
20240130;102440;1437.000000000;13;9478708992;B
20240130;102440;1437.000000000;1;9478708993;B
20240130;102440;1437.000000000;1;9478708995;B
20240130;102440;1437.000000000;2;9478708997;B
20240130;102440;1437.000000000;1;9478708998;B
20240130;102440;1437.000000000;1;9478708999;B
20240130;102440;1437.000000000;1;9478709010;B
20240130;102440;1437.000000000;1;9478709011;B
20240130;102440;1437.000000000;1;9478709012;B
20240130;102440;1437.000000000;1;9478709014;B
20240130;102441;1437.000000000;1;9478709016;B
20240130;102441;1437.000000000;1;9478709017;B
20240130;102441;1437.000000000;1;9478709018;B
20240130;102441;1437.000000000;1;9478709019;B
20240130;102441;1437.000000000;1;9478709029;B
20240130;102441;1437.000000000;4;9478709030;B
20240130;102441;1437.000000000;1;9478709031;B
20240130;102441;1437.000000000;1;9478709042;B
20240130;102441;1437.000000000;1;9478709043;B
20240130;102441;1437.000000000;1;9478709045;B
20240130;102441;1437.000000000;1;9478709046;B
20240130;102441;1437.000000000;1;9478709047;B
20240130;102441;1437.000000000;2;9478709048;B
20240130;102441;1437.000000000;3;9478709051;B
20240130;102441;1437.000000000;1;9478709066;B
20240130;102441;1437.000000000;2;9478709068;B
20240130;102441;1437.000000000;2;9478709078;B
20240130;102441;1437.000000000;1;9478709082;B
20240130;102441;1437.000000000;3;9478709149;B
20240130;102441;1437.000000000;1;9478709153;B
20240130;102441;1437.000000000;1;9478709155;B
20240130;102441;1437.000000000;1;9478709156;B
20240130;102441;1437.000000000;1;9478709157;B
20240130;102441;1437.000000000;4;9478709158;B
20240130;102441;1437.000000000;1;9478709160;B
20240130;102441;1437.000000000;4;9478709161;B
20240130;102441;1437.000000000;2;9478709162;B
20240130;102441;1437.000000000;1;9478709177;B
20240130;102441;1437.000000000;1;9478709180;B
20240130;102442;1437.000000000;1;9478709187;B
20240130;102442;1437.000000000;1;9478709201;B
20240130;102442;1437.000000000;1;9478709208;B
20240130;102442;1437.000000000;3;9478709230;B
20240130;102442;1437.000000000;1;9478709304;B
20240130;102444;1436.800000000;1;9478709813;S
20240130;102444;1436.800000000;6;9478709814;S
20240130;102446;1437.000000000;1;9478711137;B
20240130;102454;1437.000000000;1;9478712547;B
20240130;102455;1437.000000000;8;9478712605;B
20240130;102500;1437.000000000;1;9478714334;B
20240130;102503;1437.000000000;1;9478714838;B
20240130;102509;1437.000000000;10;9478718049;B
20240130;102515;1437.000000000;2;9478719752;B
20240130;102516;1437.000000000;2;9478719794;B
20240130;102518;1437.000000000;70;9478720652;B
20240130;102520;1437.000000000;25;9478721416;B
20240130;102520;1437.000000000;10;9478721613;B
20240130;102520;1437.000000000;1;9478721614;B
20240130;102520;1437.000000000;1;9478721615;B
20240130;102520;1437.000000000;11;9478721616;B
20240130;102521;1437.000000000;20;9478721945;B
20240130;102523;1437.000000000;69;9478722087;B
20240130;102523;1437.000000000;143;9478722088;B
20240130;102524;1436.800000000;3;9478722234;S
20240130;102526;1436.800000000;2;9478722639;S
20240130;102527;1437.000000000;1;9478723293;B
20240130;102528;1436.800000000;39;9478723418;S
20240130;102528;1436.800000000;1;9478723419;S
20240130;102529;1437.000000000;6;9478723785;B
20240130;102529;1437.000000000;2;9478723786;B
20240130;102530;1437.000000000;1;9478724284;B
20240130;102533;1437.000000000;1;9478724660;B
20240130;102535;1437.000000000;8;9478725782;B
20240130;102535;1437.000000000;2;9478725783;B
20240130;102535;1437.000000000;5;9478726096;B
20240130;102539;1437.000000000;1;9478726808;B
20240130;102541;1437.000000000;9;9478727297;B
20240130;102544;1437.000000000;1;9478727986;B
20240130;102545;1437.000000000;50;9478728318;B
20240130;102548;1437.000000000;1;9478729937;B
20240130;102548;1437.000000000;1;9478730021;B
20240130;102549;1437.000000000;1;9478730276;B
20240130;102550;1437.000000000;1;9478730346;B
20240130;102550;1437.000000000;1;9478730534;B
20240130;102551;1437.000000000;1;9478730877;B
20240130;102551;1437.000000000;1;9478730910;B
20240130;102551;1437.000000000;1;9478730922;B
20240130;102551;1437.000000000;1;9478730951;B
20240130;102551;1437.000000000;1;9478730960;B
20240130;102551;1437.000000000;1;9478730971;B
20240130;102551;1437.000000000;100;9478731023;B
20240130;102552;1437.000000000;1;9478731142;B
20240130;102552;1437.000000000;1;9478731156;B
20240130;102553;1437.000000000;1;9478731172;B
20240130;102557;1437.000000000;2;9478732716;B
20240130;102557;1437.000000000;50;9478732755;B
20240130;102559;1437.000000000;3;9478733081;B
20240130;102559;1437.000000000;1;9478733082;B
20240130;102559;1437.000000000;1;9478733084;B
20240130;102559;1437.000000000;1;9478733085;B
20240130;102559;1437.000000000;1;9478733086;B
20240130;102559;1437.000000000;1;9478733088;B
20240130;102559;1437.000000000;1;9478733089;B
20240130;102559;1437.000000000;2;9478733092;B
20240130;102559;1437.000000000;1;9478733093;B
20240130;102559;1437.000000000;2;9478733094;B
20240130;102559;1437.000000000;1;9478733096;B
20240130;102559;1437.000000000;1;9478733097;B
20240130;102559;1437.000000000;1;9478733098;B
20240130;102559;1437.000000000;3;9478733099;B
20240130;102559;1437.000000000;1;9478733100;B
20240130;102559;1437.000000000;2;9478733101;B
20240130;102559;1437.000000000;2;9478733103;B
20240130;102559;1437.000000000;1;9478733104;B
20240130;102559;1437.000000000;2;9478733107;B
20240130;102559;1437.000000000;1;9478733109;B
20240130;102600;1437.000000000;2;9478733112;B
20240130;102600;1437.000000000;2;9478733113;B
20240130;102600;1437.000000000;2;9478733114;B
20240130;102600;1437.000000000;2;9478733115;B
20240130;102600;1437.000000000;4;9478733116;B
20240130;102600;1437.000000000;1;9478733122;B
20240130;102600;1437.000000000;1;9478733127;B
20240130;102600;1437.000000000;1;9478733129;B
20240130;102600;1437.000000000;2;9478733130;B
20240130;102600;1437.000000000;12;9478733131;B
20240130;102600;1437.000000000;2;9478733133;B
20240130;102600;1437.000000000;1;9478733137;B
20240130;102600;1437.000000000;4;9478733138;B
20240130;102600;1437.000000000;2;9478733140;B
20240130;102600;1437.000000000;3;9478733143;B
20240130;102600;1437.000000000;1;9478733151;B
20240130;102600;1437.000000000;1;9478733152;B
20240130;102600;1437.000000000;1;9478733153;B
20240130;102600;1437.000000000;2;9478733157;B
20240130;102600;1437.000000000;3;9478733159;B
20240130;102600;1437.000000000;3;9478733162;B
20240130;102600;1437.000000000;3;9478733165;B
20240130;102600;1437.000000000;3;9478733166;B
20240130;102600;1437.000000000;1;9478733168;B
20240130;102600;1437.000000000;2;9478733169;B
20240130;102600;1437.000000000;1;9478733170;B
20240130;102600;1437.000000000;3;9478733243;B
20240130;102600;1437.000000000;4;9478733245;B
20240130;102600;1437.000000000;1;9478733246;B
20240130;102600;1437.000000000;1;9478733248;B
20240130;102600;1437.000000000;1;9478733249;B
20240130;102600;1437.000000000;1;9478733252;B
20240130;102600;1437.000000000;1;9478733254;B
20240130;102600;1437.000000000;4;9478733255;B
20240130;102601;1437.000000000;1;9478733259;B
20240130;102601;1437.000000000;1;9478733276;B
20240130;102601;1437.000000000;2;9478733286;B
20240130;102601;1437.000000000;2;9478733287;B
20240130;102601;1437.000000000;1;9478733545;B
20240130;102604;1437.000000000;152;9478734429;B
20240130;102604;1437.000000000;10;9478734430;B
20240130;102604;1437.000000000;9;9478734431;B
20240130;102604;1437.000000000;6;9478734432;B
20240130;102604;1437.000000000;23;9478734433;B
20240130;102604;1437.000000000;4;9478734448;B
20240130;102605;1437.000000000;2;9478734872;B
20240130;102605;1437.000000000;8;9478734904;B
20240130;102608;1437.000000000;3;9478735287;B
20240130;102610;1436.800000000;4;9478735500;S
20240130;102610;1436.800000000;30;9478735528;S
20240130;102611;1437.000000000;4;9478735701;B
20240130;102612;1437.000000000;2;9478735815;B
20240130;102614;1437.000000000;1;9478736173;B
20240130;102617;1437.000000000;3;9478736449;B
20240130;102617;1437.000000000;2;9478736497;B
20240130;102617;1437.000000000;1;9478736504;B
20240130;102623;1437.000000000;3;9478737280;B
20240130;102625;1437.000000000;8;9478737531;B
20240130;102627;1437.000000000;21;9478737860;B
20240130;102634;1437.000000000;57;9478738887;B
20240130;102644;1436.800000000;1;9478739996;S
20240130;102654;1437.000000000;9;9478741528;B
20240130;102655;1437.000000000;40;9478741733;B
20240130;102659;1436.800000000;1;9478742378;S
20240130;102701;1437.000000000;1;9478742661;B
20240130;102701;1437.000000000;1;9478742712;B
20240130;102701;1437.000000000;1;9478742742;B
20240130;102703;1436.800000000;1;9478743082;S
20240130;102707;1436.800000000;1;9478743540;S
20240130;102709;1436.800000000;1;9478743770;S
20240130;102709;1436.800000000;1;9478743784;S
20240130;102709;1436.800000000;20;9478743820;S
20240130;102712;1436.800000000;1;9478744124;S
20240130;102712;1437.000000000;1;9478744199;B
20240130;102713;1437.000000000;105;9478744380;B
20240130;102713;1437.000000000;2;9478744381;B
20240130;102713;1437.000000000;1;9478744382;B
20240130;102713;1437.000000000;25;9478744383;B
20240130;102713;1437.000000000;6;9478744384;B
20240130;102714;1436.800000000;1;9478744548;S
20240130;102716;1436.800000000;1;9478744920;S
20240130;102717;1437.000000000;2;9478745061;B
20240130;102719;1436.800000000;1;9478745229;S
20240130;102720;1437.000000000;5;9478745380;B
20240130;102723;1436.800000000;1;9478745644;S
20240130;102723;1436.800000000;1;9478745733;S
20240130;102725;1436.800000000;1;9478745902;S
20240130;102726;1436.800000000;1;9478745995;S
20240130;102726;1437.000000000;1;9478746081;B
20240130;102727;1437.000000000;17;9478746110;B
20240130;102728;1436.800000000;1;9478746320;S
20240130;102729;1437.000000000;1;9478746494;B
20240130;102732;1436.800000000;1;9478746854;S
20240130;102732;1437.000000000;3;9478746855;B
20240130;102734;1437.000000000;45;9478747090;B
20240130;102735;1437.000000000;67;9478747187;B
20240130;102745;1437.000000000;10;9478748233;B
20240130;102745;1436.800000000;10;9478748267;S
20240130;102745;1436.800000000;3;9478748268;S
20240130;102745;1436.800000000;2;9478748269;S
20240130;102756;1437.000000000;1;9478749567;B
20240130;102804;1437.000000000;1;9478750481;B
20240130;102804;1437.000000000;2;9478750560;B
20240130;102806;1436.800000000;1;9478751077;S
20240130;102807;1437.000000000;2;9478751156;B
20240130;102808;1437.000000000;1;9478751345;B
20240130;102808;1437.000000000;1;9478751383;B
20240130;102814;1437.000000000;6;9478752011;B
20240130;102814;1437.000000000;1;9478752022;B
20240130;102816;1437.000000000;24;9478752301;B
20240130;102817;1437.000000000;14;9478752396;B
20240130;102818;1437.000000000;13;9478752455;B
20240130;102822;1437.000000000;50;9478753062;B
20240130;102823;1437.000000000;1;9478753083;B
20240130;102823;1437.000000000;6;9478753119;B
20240130;102823;1437.000000000;10;9478753129;B
20240130;102824;1436.800000000;11;9478753164;S
20240130;102824;1437.000000000;1;9478753177;B
20240130;102824;1436.800000000;10;9478753193;S
20240130;102827;1437.000000000;3;9478753470;B
20240130;102828;1437.000000000;1;9478753548;B
20240130;102829;1437.000000000;5;9478753625;B
20240130;102830;1436.800000000;4;9478753699;S
20240130;102830;1437.000000000;50;9478753744;B
20240130;102835;1436.800000000;12;9478754877;S
20240130;102835;1436.800000000;4;9478754878;S
20240130;102835;1436.800000000;48;9478754879;S
20240130;102835;1436.800000000;2;9478754880;S
20240130;102835;1436.800000000;26;9478754881;S
20240130;102835;1436.800000000;1;9478754882;S
20240130;102835;1436.800000000;15;9478754883;S
20240130;102835;1436.800000000;100;9478754884;S
20240130;102835;1436.800000000;1;9478754885;S
20240130;102835;1436.800000000;1;9478754886;S
20240130;102835;1436.800000000;2;9478754887;S
20240130;102835;1436.800000000;1;9478754888;S
20240130;102835;1436.800000000;1;9478754889;S
20240130;102835;1436.800000000;1;9478754890;S
20240130;102835;1436.800000000;1;9478754891;S
20240130;102835;1436.800000000;1;9478754892;S
20240130;102835;1436.800000000;1;9478754893;S
20240130;102835;1436.800000000;4;9478754894;S
20240130;102835;1436.800000000;1;9478754895;S
20240130;102835;1436.800000000;3;9478754896;S
20240130;102835;1436.800000000;4;9478754897;S
20240130;102837;1437.000000000;1;9478755133;B
20240130;102841;1437.000000000;5;9478755655;B
20240130;102841;1437.000000000;20;9478755675;B
20240130;102843;1436.800000000;1;9478755942;S
20240130;102843;1437.000000000;5;9478755952;B
20240130;102848;1437.000000000;3;9478756458;B
20240130;102848;1437.000000000;14;9478756476;B
20240130;102848;1437.000000000;50;9478756493;B
20240130;102852;1437.000000000;6;9478756886;B
20240130;102852;1437.000000000;1;9478756891;B
20240130;102852;1437.000000000;7;9478756895;B
20240130;102852;1437.000000000;4;9478756919;B
20240130;102852;1437.000000000;3;9478756949;B
20240130;102853;1437.000000000;3;9478756986;B
20240130;102853;1437.000000000;5;9478756987;B
20240130;102853;1437.000000000;10;9478756995;B
20240130;102853;1437.000000000;20;9478756997;B
20240130;102853;1437.000000000;4;9478757000;B
20240130;102853;1437.000000000;3;9478757010;B
20240130;102853;1437.000000000;4;9478757017;B
20240130;102853;1437.000000000;3;9478757022;B
20240130;102853;1437.000000000;4;9478757023;B
20240130;102853;1437.000000000;19;9478757024;B
20240130;102853;1437.000000000;4;9478757046;B
20240130;102853;1437.000000000;1;9478757059;B
20240130;102853;1437.000000000;5;9478757064;B
20240130;102854;1437.000000000;10;9478757076;B
20240130;102854;1437.000000000;3;9478757146;B
20240130;102855;1437.000000000;11;9478757234;B
20240130;102858;1437.000000000;1;9478757618;B
20240130;102900;1437.000000000;10;9478757846;B
20240130;102900;1437.000000000;1;9478757924;B
20240130;102902;1437.000000000;2;9478758015;B
20240130;102904;1437.000000000;2;9478758249;B
20240130;102911;1437.000000000;3;9478758869;B
20240130;102912;1437.000000000;1;9478758986;B
20240130;102913;1437.000000000;2;9478759097;B
20240130;102916;1437.000000000;80;9478759390;B
20240130;102916;1437.000000000;7;9478759423;B
20240130;102917;1437.000000000;1;9478759563;B
20240130;102919;1437.000000000;50;9478759727;B
20240130;102921;1436.800000000;10;9478759913;S
20240130;102925;1437.000000000;2;9478760460;B
20240130;102925;1437.000000000;20;9478760464;B
20240130;102926;1437.000000000;7;9478760549;B
20240130;102929;1437.000000000;1;9478760931;B
20240130;102929;1437.000000000;1;9478760947;B
20240130;102929;1437.000000000;1;9478760952;B
20240130;102930;1437.000000000;1;9478760960;B
20240130;102930;1436.800000000;1;9478760976;S
20240130;102930;1436.800000000;4;9478760977;S
20240130;102930;1436.800000000;10;9478760978;S
20240130;102930;1436.800000000;14;9478760979;S
20240130;102930;1436.800000000;44;9478760980;S
20240130;102930;1436.800000000;69;9478760981;S
20240130;102930;1436.800000000;10;9478760982;S
20240130;102930;1436.600000000;1;9478760983;S
20240130;102931;1437.000000000;210;9478761245;B
20240130;102932;1437.000000000;7;9478761306;B
20240130;102937;1437.000000000;10;9478761905;B
20240130;102939;1437.000000000;152;9478762149;B
20240130;102939;1437.000000000;1;9478762198;B
20240130;102944;1436.800000000;4;9478762941;S
20240130;102945;1436.800000000;4;9478763140;S
20240130;102946;1436.800000000;3;9478763195;B
20240130;102947;1436.800000000;5;9478763314;B
20240130;102949;1436.800000000;4;9478763436;B
20240130;102953;1436.800000000;5;9478764076;B
20240130;102957;1436.800000000;2;9478764461;B
20240130;103003;1436.600000000;2;9478765364;S
20240130;103006;1436.800000000;220;9478765834;B
20240130;103009;1436.800000000;1;9478766360;B
20240130;103010;1436.800000000;1;9478766487;B
20240130;103013;1436.800000000;1;9478766929;B
20240130;103013;1436.800000000;1;9478766930;B
20240130;103013;1437.000000000;8;9478766931;B
20240130;103020;1437.000000000;1;9478767764;B
20240130;103021;1437.000000000;10;9478767880;B
20240130;103023;1436.800000000;3;9478768043;S
20240130;103027;1437.000000000;1;9478768505;B
20240130;103034;1437.000000000;10;9478769447;B
20240130;103035;1437.000000000;48;9478769514;B
20240130;103035;1437.000000000;10;9478769528;B
20240130;103036;1437.000000000;3;9478769630;B
20240130;103043;1437.000000000;230;9478770502;B
20240130;103043;1437.000000000;2;9478770513;B
20240130;103044;1437.000000000;5;9478770618;B
20240130;103045;1436.800000000;5;9478770701;S
20240130;103047;1437.000000000;390;9478770910;B
20240130;103047;1437.000000000;1;9478770911;B
20240130;103047;1437.000000000;109;9478770912;B
20240130;103047;1437.000000000;5;9478770974;B
20240130;103050;1436.800000000;70;9478771267;S
20240130;103052;1437.000000000;2;9478771588;B
20240130;103054;1437.000000000;4;9478771746;B
20240130;103055;1437.000000000;1;9478771815;B
20240130;103056;1437.000000000;1;9478771906;B
20240130;103057;1437.000000000;1;9478771982;B
20240130;103057;1437.000000000;1;9478772056;B
20240130;103058;1437.000000000;1;9478772098;B
20240130;103058;1437.000000000;3;9478772136;B
20240130;103100;1437.000000000;257;9478772408;B
20240130;103100;1437.000000000;1;9478772549;B
20240130;103102;1437.000000000;1;9478772908;B
20240130;103104;1437.000000000;1;9478773206;B
20240130;103104;1436.800000000;1;9478773209;S
20240130;103104;1436.800000000;10;9478773210;S
20240130;103104;1436.800000000;5;9478773211;S
20240130;103104;1436.800000000;34;9478773212;S
20240130;103108;1437.000000000;1;9478773818;B
20240130;103111;1437.000000000;11;9478774121;B
20240130;103116;1437.000000000;1;9478774665;B
20240130;103118;1437.000000000;10;9478774927;B
20240130;103120;1437.000000000;1;9478775241;B
20240130;103121;1437.000000000;8;9478775307;B
20240130;103123;1437.000000000;20;9478775624;B
20240130;103124;1437.000000000;1;9478775755;B
20240130;103131;1437.000000000;10;9478776580;B
20240130;103132;1437.000000000;1;9478776659;B
20240130;103134;1437.000000000;2;9478776841;B
20240130;103136;1436.800000000;50;9478777150;S
20240130;103139;1437.000000000;1;9478777412;B
20240130;103141;1437.000000000;5;9478777623;B
20240130;103141;1437.000000000;5;9478777632;B
20240130;103144;1437.000000000;10;9478777901;B
20240130;103144;1437.000000000;15;9478777922;B
20240130;103144;1437.000000000;10;9478777932;B
20240130;103144;1437.000000000;90;9478777933;B
20240130;103148;1437.000000000;30;9478778158;B
20240130;103148;1437.000000000;4;9478778159;B
20240130;103148;1437.000000000;10;9478778160;B
20240130;103148;1437.000000000;20;9478778161;B
20240130;103148;1437.000000000;1;9478778162;B
20240130;103148;1437.000000000;35;9478778163;B
20240130;103150;1437.000000000;1;9478778443;B
20240130;103153;1437.000000000;2;9478778762;B
20240130;103155;1437.000000000;2;9478778912;B
20240130;103159;1437.000000000;1;9478779195;B
20240130;103159;1437.000000000;14;9478779232;B
20240130;103203;1436.800000000;18;9478779599;S
20240130;103206;1437.000000000;1;9478779910;B
20240130;103207;1437.000000000;4;9478779998;B
20240130;103209;1437.000000000;36;9478780247;B
20240130;103212;1436.800000000;7;9478780527;S
20240130;103212;1437.000000000;46;9478780574;B
20240130;103212;1437.000000000;1;9478780575;B
20240130;103212;1437.000000000;23;9478780576;B
20240130;103213;1437.000000000;20;9478780648;B
20240130;103216;1437.000000000;1;9478780898;B
20240130;103217;1437.000000000;1;9478781036;B
20240130;103218;1437.000000000;1;9478781108;B
20240130;103220;1437.000000000;1;9478781438;B
20240130;103222;1437.000000000;5;9478781743;B
20240130;103226;1437.000000000;80;9478782395;B
20240130;103232;1437.000000000;27;9478783046;B
20240130;103232;1437.000000000;3;9478783082;B
20240130;103233;1437.000000000;40;9478783170;B
20240130;103233;1437.000000000;1;9478783186;B
20240130;103235;1437.000000000;343;9478783306;B
20240130;103235;1437.000000000;423;9478783307;B
20240130;103236;1437.000000000;1;9478783443;B
20240130;103239;1436.800000000;3;9478783682;S
20240130;103239;1437.000000000;2;9478783715;B
20240130;103241;1437.000000000;5;9478783911;B
20240130;103242;1437.000000000;4;9478783934;B
20240130;103243;1436.800000000;5;9478784031;S
20240130;103244;1436.800000000;2;9478784157;S
20240130;103253;1437.000000000;3;9478785334;B
20240130;103254;1437.000000000;1;9478785382;B
20240130;103254;1437.000000000;1;9478785419;B
20240130;103256;1437.000000000;2;9478785594;B
20240130;103257;1437.000000000;1;9478785684;B
20240130;103258;1436.800000000;7;9478785805;S
20240130;103310;1437.000000000;1;9478787206;B
20240130;103310;1437.000000000;1;9478787373;B
20240130;103316;1437.000000000;1;9478788470;B
20240130;103316;1437.000000000;1;9478788477;B
20240130;103317;1436.800000000;4;9478788620;S
20240130;103319;1436.800000000;1;9478788729;S
20240130;103320;1437.000000000;1;9478788889;B
20240130;103322;1437.000000000;28;9478788970;B
20240130;103324;1437.000000000;1;9478789227;B
20240130;103333;1437.000000000;15;9478790107;B
20240130;103335;1437.000000000;1;9478790257;B
20240130;103336;1436.800000000;2;9478790339;S
20240130;103336;1437.000000000;5;9478790379;B
20240130;103340;1437.000000000;1;9478790799;B
20240130;103343;1437.000000000;2;9478791269;B
20240130;103343;1437.000000000;2;9478791284;B
20240130;103346;1437.000000000;2;9478791802;B
20240130;103351;1437.000000000;4;9478792493;B
20240130;103351;1437.000000000;5;9478792608;B
20240130;103351;1437.000000000;1;9478792611;B
20240130;103355;1437.000000000;1;9478792979;B
20240130;103356;1437.000000000;3;9478793021;B
20240130;103356;1437.000000000;100;9478793085;B
20240130;103358;1437.000000000;1;9478793292;B
20240130;103401;1436.800000000;2;9478793468;S
20240130;103401;1437.000000000;500;9478793502;B
20240130;103401;1437.000000000;1;9478793517;B
20240130;103402;1437.000000000;4;9478793570;B
20240130;103402;1437.000000000;5;9478793584;B
20240130;103403;1437.000000000;7;9478793587;B
20240130;103403;1437.000000000;14;9478793588;B
20240130;103403;1437.000000000;3;9478793589;B
20240130;103403;1437.000000000;4;9478793590;B
20240130;103403;1437.000000000;4;9478793591;B
20240130;103403;1437.000000000;4;9478793592;B
20240130;103403;1437.000000000;16;9478793593;B
20240130;103403;1437.000000000;3;9478793594;B
20240130;103403;1437.000000000;61;9478793595;B
20240130;103403;1437.000000000;4;9478793596;B
20240130;103403;1437.000000000;5;9478793603;B
20240130;103403;1437.000000000;5;9478793604;B
20240130;103403;1437.000000000;3;9478793613;B
20240130;103403;1437.000000000;21;9478793615;B
20240130;103403;1437.000000000;3;9478793618;B
20240130;103403;1437.000000000;4;9478793619;B
20240130;103404;1437.000000000;10;9478793731;B
20240130;103404;1437.000000000;46;9478793746;B
20240130;103404;1437.000000000;1;9478793767;B
20240130;103405;1437.000000000;1;9478793839;B
20240130;103407;1436.800000000;1;9478794075;S
20240130;103408;1437.000000000;5;9478794151;B
20240130;103408;1436.800000000;3;9478794159;S
20240130;103408;1437.000000000;1;9478794182;B
20240130;103410;1437.000000000;68;9478794408;B
20240130;103411;1437.000000000;1;9478794467;B
20240130;103414;1437.000000000;2;9478794681;B
20240130;103422;1437.000000000;4;9478795326;B
20240130;103423;1436.800000000;70;9478795388;S
20240130;103423;1436.800000000;4;9478795389;S
20240130;103423;1436.800000000;43;9478795390;S
20240130;103423;1436.800000000;12;9478795391;S
20240130;103423;1436.800000000;9;9478795392;S
20240130;103423;1436.800000000;5;9478795393;S
20240130;103423;1436.800000000;6;9478795394;S
20240130;103423;1436.800000000;20;9478795395;S
20240130;103425;1437.000000000;50;9478795640;B
20240130;103426;1437.000000000;7;9478795740;B
20240130;103427;1437.000000000;1;9478795805;B
20240130;103427;1437.000000000;12;9478795806;B
20240130;103427;1437.000000000;2;9478795807;B
20240130;103427;1437.000000000;127;9478795808;B
20240130;103429;1437.000000000;500;9478795929;B
20240130;103432;1437.000000000;1;9478796199;B
20240130;103432;1437.000000000;1;9478796402;B
20240130;103433;1437.000000000;1;9478796428;B
20240130;103435;1437.000000000;1;9478796700;B
20240130;103435;1436.800000000;3;9478796916;S
20240130;103438;1437.000000000;1;9478797280;B
20240130;103438;1437.000000000;2;9478797320;B
20240130;103439;1436.800000000;8;9478797378;S
20240130;103439;1436.800000000;1;9478797379;S
20240130;103439;1436.800000000;9;9478797380;S
20240130;103440;1437.000000000;1;9478797437;B
20240130;103440;1437.000000000;7;9478797470;B
20240130;103448;1437.000000000;1;9478798545;B
20240130;103452;1437.000000000;2;9478799014;B
20240130;103456;1437.000000000;2;9478799379;B
20240130;103457;1437.000000000;99;9478799458;B
20240130;103458;1437.000000000;3;9478799560;B
20240130;103459;1437.000000000;32;9478799748;B
20240130;103502;1437.000000000;1;9478800104;B
20240130;103503;1437.000000000;2;9478800235;B
20240130;103503;1437.000000000;150;9478800334;B
20240130;103504;1437.000000000;66;9478800343;B
20240130;103504;1437.000000000;34;9478800344;B
20240130;103505;1437.000000000;12;9478800508;B
20240130;103508;1436.800000000;5;9478801342;S
20240130;103508;1436.800000000;3;9478801343;S
20240130;103508;1436.800000000;15;9478801344;S
20240130;103508;1436.800000000;12;9478801345;S
20240130;103508;1436.800000000;55;9478801346;S
20240130;103508;1436.800000000;10;9478801347;S
20240130;103513;1437.000000000;1;9478801887;B
20240130;103515;1437.000000000;3;9478802095;B
20240130;103515;1437.000000000;1;9478802096;B
20240130;103515;1437.000000000;77;9478802097;B
20240130;103515;1437.000000000;94;9478802098;B
20240130;103515;1436.800000000;24;9478802117;S
20240130;103515;1436.800000000;2;9478802118;S
20240130;103515;1436.800000000;35;9478802119;S
20240130;103515;1436.800000000;1;9478802120;S
20240130;103515;1436.800000000;2;9478802121;S
20240130;103515;1436.800000000;5;9478802122;S
20240130;103515;1436.800000000;1;9478802123;S
20240130;103515;1436.800000000;20;9478802124;S
20240130;103515;1436.800000000;1;9478802125;S
20240130;103515;1436.800000000;1;9478802126;S
20240130;103515;1436.800000000;20;9478802127;S
20240130;103515;1436.800000000;20;9478802128;S
20240130;103515;1436.800000000;1;9478802129;S
20240130;103515;1436.800000000;39;9478802130;S
20240130;103515;1436.800000000;105;9478802131;S
20240130;103515;1436.800000000;12;9478802132;S
20240130;103515;1436.800000000;3;9478802133;S
20240130;103515;1436.800000000;10;9478802134;S
20240130;103515;1436.800000000;14;9478802135;S
20240130;103515;1436.800000000;338;9478802136;S
20240130;103515;1436.800000000;3;9478802137;S
20240130;103515;1436.800000000;1;9478802138;S
20240130;103515;1436.800000000;4;9478802139;S
20240130;103515;1436.800000000;3;9478802140;S
20240130;103515;1436.800000000;5;9478802141;S
20240130;103515;1436.800000000;3;9478802142;S
20240130;103515;1436.800000000;3;9478802143;S
20240130;103515;1436.800000000;3;9478802144;S
20240130;103515;1436.800000000;11;9478802145;S
20240130;103515;1436.800000000;4;9478802146;S
20240130;103515;1436.800000000;4;9478802147;S
20240130;103515;1436.800000000;7;9478802148;S
20240130;103515;1436.800000000;5;9478802149;S
20240130;103515;1436.800000000;12;9478802150;S
20240130;103515;1436.800000000;4;9478802151;S
20240130;103515;1436.800000000;3;9478802152;S
20240130;103515;1436.800000000;5;9478802153;S
20240130;103515;1436.800000000;25;9478802154;S
20240130;103515;1436.800000000;5;9478802155;S
20240130;103515;1436.800000000;8;9478802156;S
20240130;103515;1436.800000000;5;9478802157;S
20240130;103515;1436.800000000;55;9478802158;S
20240130;103515;1436.800000000;104;9478802159;S
20240130;103515;1436.600000000;29;9478802160;S
20240130;103515;1436.600000000;1;9478802161;S
20240130;103515;1436.600000000;6;9478802162;S
20240130;103515;1436.600000000;55;9478802163;S
20240130;103515;1436.600000000;1;9478802164;S
20240130;103515;1436.400000000;1;9478802165;S
20240130;103515;1436.400000000;10;9478802166;S
20240130;103515;1436.400000000;15;9478802167;S
20240130;103515;1436.400000000;1;9478802168;S
20240130;103515;1436.400000000;1;9478802169;S
20240130;103515;1436.400000000;1;9478802170;S
20240130;103515;1436.400000000;55;9478802171;S
20240130;103515;1436.400000000;1;9478802172;S
20240130;103515;1436.400000000;10;9478802173;S
20240130;103515;1436.400000000;138;9478802174;S
20240130;103518;1436.800000000;1;9478802398;B
20240130;103519;1436.800000000;5;9478802456;B
20240130;103519;1436.600000000;5;9478802507;S
20240130;103525;1436.800000000;1;9478803057;B
20240130;103526;1436.800000000;2;9478803164;B
20240130;103528;1436.800000000;1;9478803377;B
20240130;103530;1436.800000000;2;9478803636;B
20240130;103535;1436.600000000;10;9478804472;S
20240130;103536;1437.000000000;4;9478804800;B
20240130;103540;1437.000000000;2;9478805351;B
20240130;103542;1437.000000000;11;9478805630;B
20240130;103547;1437.000000000;34;9478806161;B
20240130;103549;1437.000000000;1;9478806477;B
20240130;103550;1436.800000000;10;9478806572;S
20240130;103551;1437.000000000;2;9478806621;B
20240130;103555;1437.000000000;3;9478807128;B
20240130;103604;1437.000000000;150;9478808679;B
20240130;103606;1436.800000000;3;9478808904;S
20240130;103608;1437.000000000;1;9478809181;B
20240130;103608;1436.800000000;65;9478809182;S
20240130;103613;1437.000000000;100;9478809721;B
20240130;103620;1436.800000000;55;9478810500;S
20240130;103620;1436.800000000;134;9478810501;S
20240130;103622;1437.000000000;25;9478810642;B
20240130;103624;1437.000000000;5;9478810966;B
20240130;103624;1437.000000000;7;9478810987;B
20240130;103625;1437.000000000;1;9478811086;B
20240130;103626;1437.000000000;33;9478811212;B
20240130;103626;1437.000000000;2;9478811215;B
20240130;103627;1436.800000000;5;9478811264;S
20240130;103627;1436.800000000;1;9478811265;S
20240130;103630;1437.000000000;25;9478811511;B
20240130;103630;1437.000000000;1;9478811512;B
20240130;103630;1437.000000000;7;9478811513;B
20240130;103630;1437.000000000;1;9478811537;B
20240130;103630;1437.000000000;145;9478811538;B
20240130;103631;1437.000000000;69;9478811594;B
20240130;103636;1436.800000000;42;9478812179;S
20240130;103637;1437.000000000;5;9478812227;B
20240130;103640;1437.000000000;2;9478812545;B
20240130;103642;1437.000000000;1;9478812706;B
20240130;103643;1436.800000000;1;9478812873;S
20240130;103646;1437.000000000;1;9478813184;B
20240130;103646;1437.000000000;1;9478813235;B
20240130;103654;1437.000000000;1;9478814721;B
20240130;103654;1437.000000000;45;9478814787;B
20240130;103656;1437.000000000;10;9478815011;B
20240130;103657;1437.000000000;100;9478815195;B
20240130;103705;1437.000000000;1;9478817540;B
20240130;103706;1437.000000000;14;9478817822;B
20240130;103707;1437.000000000;2;9478818422;B
20240130;103708;1437.000000000;495;9478818515;B
20240130;103708;1437.000000000;5;9478818516;B
20240130;103709;1437.000000000;1;9478818648;B
20240130;103712;1437.000000000;20;9478820510;B
20240130;103713;1437.000000000;4;9478820843;B
20240130;103713;1437.000000000;1;9478821171;B
20240130;103714;1437.000000000;2;9478821407;B
20240130;103722;1437.000000000;1;9478822350;B
20240130;103722;1437.000000000;2;9478822366;B
20240130;103726;1437.000000000;1;9478822806;B
20240130;103728;1437.000000000;2;9478823015;B
20240130;103729;1437.000000000;1;9478823090;B
20240130;103729;1437.000000000;1;9478823091;B
20240130;103729;1437.000000000;1;9478823092;B
20240130;103729;1437.000000000;1;9478823093;B
20240130;103729;1437.000000000;1;9478823094;B
20240130;103729;1437.000000000;2;9478823098;B
20240130;103729;1437.000000000;1;9478823100;B
20240130;103729;1437.000000000;2;9478823101;B
20240130;103729;1437.000000000;1;9478823105;B
20240130;103729;1437.000000000;2;9478823106;B
20240130;103729;1437.000000000;1;9478823107;B
20240130;103729;1437.000000000;8;9478823108;B
20240130;103729;1437.000000000;1;9478823111;B
20240130;103729;1437.000000000;3;9478823124;B
20240130;103729;1437.000000000;2;9478823127;B
20240130;103729;1437.000000000;1;9478823128;B
20240130;103729;1437.000000000;2;9478823134;B
20240130;103729;1437.000000000;2;9478823135;B
20240130;103729;1437.000000000;2;9478823136;B
20240130;103729;1437.000000000;1;9478823138;B
20240130;103729;1437.000000000;3;9478823139;B
20240130;103729;1437.000000000;2;9478823140;B
20240130;103729;1437.000000000;1;9478823141;B
20240130;103729;1437.000000000;1;9478823142;B
20240130;103729;1437.000000000;1;9478823143;B
20240130;103729;1437.000000000;3;9478823144;B
20240130;103729;1437.000000000;2;9478823145;B
20240130;103729;1437.000000000;1;9478823146;B
20240130;103729;1437.000000000;2;9478823147;B
20240130;103729;1437.000000000;1;9478823149;B
20240130;103729;1437.000000000;2;9478823152;B
20240130;103729;1437.000000000;2;9478823153;B
20240130;103729;1437.000000000;1;9478823154;B
20240130;103729;1437.000000000;1;9478823159;B
20240130;103729;1437.000000000;2;9478823167;B
20240130;103729;1437.000000000;2;9478823168;B
20240130;103729;1437.000000000;2;9478823179;B
20240130;103729;1437.000000000;1;9478823180;B
20240130;103729;1437.000000000;1;9478823182;B
20240130;103729;1437.000000000;1;9478823185;B
20240130;103729;1437.000000000;1;9478823188;B
20240130;103730;1437.000000000;1;9478823198;B
20240130;103730;1437.000000000;1;9478823202;B
20240130;103730;1437.000000000;2;9478823206;B
20240130;103730;1437.000000000;1;9478823215;B
20240130;103730;1437.000000000;1;9478823285;B
20240130;103730;1437.000000000;1;9478823292;B
20240130;103730;1436.800000000;1;9478823324;S
20240130;103731;1437.000000000;200;9478823509;B
20240130;103732;1437.000000000;69;9478823588;B
20240130;103735;1437.000000000;10;9478823775;B
20240130;103736;1437.000000000;2;9478823993;B
20240130;103742;1437.000000000;1;9478824650;B
20240130;103742;1437.000000000;72;9478824653;B
20240130;103746;1437.000000000;14;9478825017;B
20240130;103747;1437.000000000;1;9478825170;B
20240130;103750;1437.000000000;9;9478825483;B
20240130;103751;1437.000000000;5;9478825593;B
20240130;103751;1436.800000000;3;9478825611;S
20240130;103752;1437.000000000;1;9478825684;B
20240130;103758;1437.000000000;2;9478826442;B
20240130;103759;1436.800000000;1;9478826622;S
20240130;103801;1437.000000000;1;9478826857;B
20240130;103801;1437.000000000;10;9478826867;B
20240130;103802;1437.000000000;1;9478826944;B
20240130;103805;1437.000000000;3;9478827356;B
20240130;103805;1436.800000000;2;9478827387;S
20240130;103810;1436.800000000;3;9478827867;S
20240130;103812;1436.800000000;55;9478828088;S
20240130;103812;1436.800000000;1;9478828089;S
20240130;103812;1436.800000000;44;9478828090;S
20240130;103818;1437.000000000;915;9478828770;B
20240130;103818;1437.000000000;1;9478828771;B
20240130;103818;1437.000000000;3;9478828772;B
20240130;103818;1437.000000000;81;9478828773;B
20240130;103825;1437.000000000;65;9478829736;B
20240130;103831;1437.000000000;1;9478830458;B
20240130;103832;1437.000000000;7;9478830638;B
20240130;103833;1437.000000000;6;9478830777;B
20240130;103833;1437.000000000;20;9478830828;B
20240130;103834;1437.000000000;27;9478830944;B
20240130;103835;1437.000000000;20;9478831054;B
20240130;103837;1436.800000000;5;9478831236;S
20240130;103838;1437.000000000;1;9478831361;B
20240130;103839;1436.800000000;3;9478831468;S
20240130;103850;1437.000000000;10;9478832653;B
20240130;103850;1437.000000000;10;9478832676;B
20240130;103853;1436.800000000;2;9478832954;S
20240130;103853;1436.800000000;23;9478832955;S
20240130;103854;1437.000000000;1;9478833073;B
20240130;103859;1437.000000000;73;9478833625;B
20240130;103859;1437.000000000;1;9478833626;B
20240130;103859;1437.000000000;1;9478833627;B
20240130;103859;1437.000000000;1;9478833628;B
20240130;103859;1437.000000000;1;9478833629;B
20240130;103859;1437.000000000;1;9478833630;B
20240130;103901;1437.000000000;2;9478833777;B
20240130;103904;1437.000000000;1;9478834127;B
20240130;103904;1437.000000000;2;9478834129;B
20240130;103904;1437.000000000;21;9478834172;B
20240130;103904;1437.000000000;5;9478834190;B
20240130;103906;1437.000000000;7;9478834351;B
20240130;103908;1437.000000000;4;9478834494;B
20240130;103910;1437.000000000;50;9478834764;B
20240130;103911;1437.000000000;2;9478834807;B
20240130;103912;1437.000000000;1;9478834922;B
20240130;103914;1437.000000000;1;9478835127;B
20240130;103916;1437.000000000;3;9478835345;B
20240130;103917;1437.000000000;20;9478835457;B
20240130;103917;1437.000000000;1;9478835458;B
20240130;103920;1437.000000000;100;9478835782;B
20240130;103920;1437.000000000;2;9478835791;B
20240130;103922;1436.800000000;11;9478836024;S
20240130;103924;1437.000000000;1;9478836232;B
20240130;103925;1437.000000000;1;9478836309;B
20240130;103926;1437.000000000;64;9478836441;B
20240130;103926;1437.000000000;4;9478836544;B
20240130;103927;1436.800000000;1;9478836587;S
20240130;103927;1437.000000000;1;9478836591;B
20240130;103928;1437.000000000;2;9478836702;B
20240130;103929;1437.000000000;1;9478836846;B
20240130;103934;1437.000000000;1;9478837375;B
20240130;103936;1437.000000000;1;9478837613;B
20240130;103943;1437.000000000;10;9478838528;B
20240130;103944;1437.000000000;2;9478838741;B
20240130;103945;1437.000000000;10;9478838833;B
20240130;103947;1437.000000000;3;9478839189;B
20240130;103949;1437.000000000;2;9478839514;B
20240130;103950;1437.000000000;1;9478839572;B
20240130;103950;1437.000000000;35;9478839636;B
20240130;103953;1437.000000000;1;9478839949;B
20240130;104000;1437.000000000;99;9478840994;B
20240130;104000;1437.000000000;1;9478840995;B
20240130;104003;1436.800000000;1;9478841735;S
20240130;104003;1437.000000000;150;9478841770;B
20240130;104004;1437.000000000;1;9478841840;B
20240130;104004;1436.800000000;2;9478841901;S
20240130;104005;1437.000000000;5;9478842070;B
20240130;104006;1437.000000000;5;9478842342;B
20240130;104008;1437.000000000;1;9478842592;B
20240130;104008;1437.000000000;1;9478842647;B
20240130;104008;1437.000000000;1;9478842659;B
