<DATE>;<TIME>;<LAST>;<VOL>;<ID>;<OPER>
20240129;095957;1424.000000000;1;9473212396;S
20240129;095957;1424.000000000;34;9473212397;S
20240129;095957;1424.000000000;1;9473212398;S
20240129;095957;1424.000000000;1;9473212399;B
20240129;095957;1424.000000000;1;9473212400;B
20240129;095957;1424.000000000;40;9473212401;B
20240129;095957;1424.000000000;2;9473212402;B
20240129;095957;1424.000000000;46;9473212403;B
20240129;095957;1424.000000000;6;9473212404;B
20240129;095957;1424.000000000;7;9473212405;B
20240129;095957;1424.000000000;4;9473212406;B
20240129;095957;1424.000000000;1;9473212407;B
20240129;095957;1424.000000000;1;9473212408;B
20240129;095957;1424.000000000;38;9473212409;B
20240129;095957;1424.000000000;1;9473212410;B
20240129;095957;1424.000000000;2;9473212411;B
20240129;095957;1424.000000000;35;9473212412;B
20240129;095957;1424.000000000;3;9473212413;B
20240129;095957;1424.000000000;7;9473212414;B
20240129;095957;1424.000000000;15;9473212415;B
20240129;095957;1424.000000000;10;9473212416;B
20240129;095957;1424.000000000;64;9473212417;B
20240129;095957;1424.000000000;1;9473212418;B
20240129;095957;1424.000000000;1;9473212419;B
20240129;095957;1424.000000000;11;9473212420;B
20240129;095957;1424.000000000;6;9473212421;B
20240129;095957;1424.000000000;2;9473212422;B
20240129;095957;1424.000000000;54;9473212423;B
20240129;095957;1424.000000000;4;9473212424;B
20240129;095957;1424.000000000;7;9473212425;B
20240129;095957;1424.000000000;1;9473212426;B
20240129;095957;1424.000000000;1;9473212427;B
20240129;095957;1424.000000000;1;9473212428;S
20240129;095957;1424.000000000;1;9473212429;S
20240129;095957;1424.000000000;2;9473212430;S
20240129;095957;1424.000000000;1;9473212431;S
20240129;095957;1424.000000000;3;9473212432;S
20240129;095957;1424.000000000;1;9473212433;S
20240129;095957;1424.000000000;20;9473212434;S
20240129;095957;1424.000000000;1;9473212435;S
20240129;095957;1424.000000000;1;9473212436;S
20240129;095957;1424.000000000;2;9473212437;S
20240129;095957;1424.000000000;1;9473212438;B
20240129;095957;1424.000000000;10;9473212439;B
20240129;095957;1424.000000000;5;9473212440;S
20240129;095957;1424.000000000;18;9473212441;B
20240129;095957;1424.000000000;27;9473212442;S
20240129;095957;1424.000000000;2;9473212443;S
20240129;095957;1424.000000000;3;9473212444;S
20240129;095957;1424.000000000;10;9473212445;S
20240129;095957;1424.000000000;3;9473212446;S
20240129;095957;1424.000000000;1;9473212447;S
20240129;095957;1424.000000000;5;9473212448;B
20240129;095957;1424.000000000;1;9473212449;B
20240129;095957;1424.000000000;1;9473212450;B
20240129;095957;1424.000000000;5;9473212451;B
20240129;095957;1424.000000000;3;9473212452;B
20240129;095957;1424.000000000;9;9473212453;B
20240129;095957;1424.000000000;21;9473212454;S
20240129;095957;1424.000000000;11;9473212455;S
20240129;095957;1424.000000000;6;9473212456;S
20240129;095957;1424.000000000;1;9473212457;B
20240129;095957;1424.000000000;14;9473212458;S
20240129;095957;1424.000000000;1;9473212459;B
20240129;095957;1424.000000000;1;9473212460;B
20240129;095957;1424.000000000;1;9473212461;B
20240129;095957;1424.000000000;1;9473212462;B
20240129;095957;1424.000000000;1;9473212463;B
20240129;095957;1424.000000000;2;9473212464;B
20240129;095957;1424.000000000;1;9473212465;B
20240129;095957;1424.000000000;2;9473212466;B
20240129;095957;1424.000000000;2;9473212467;B
20240129;095957;1424.000000000;1;9473212468;B
20240129;095957;1424.000000000;1;9473212469;B
20240129;095957;1424.000000000;1;9473212470;B
20240129;095957;1424.000000000;1;9473212471;B
20240129;095957;1424.000000000;1;9473212472;B
20240129;095957;1424.000000000;1;9473212473;B
20240129;095957;1424.000000000;4;9473212474;B
20240129;095957;1424.000000000;1;9473212475;B
20240129;095957;1424.000000000;2;9473212476;B
20240129;095957;1424.000000000;2;9473212477;B
20240129;095957;1424.000000000;5;9473212478;B
20240129;095957;1424.000000000;5;9473212479;B
20240129;095957;1424.000000000;7;9473212480;B
20240129;095957;1424.000000000;11;9473212481;B
20240129;095957;1424.000000000;33;9473212482;B
20240129;095957;1424.000000000;1;9473212483;B
20240129;095957;1424.000000000;1;9473212484;S
20240129;095957;1424.000000000;5;9473212485;S
20240129;095957;1424.000000000;2;9473212486;S
20240129;095957;1424.000000000;8;9473212487;B
20240129;095957;1424.000000000;4;9473212488;B
20240129;095957;1424.000000000;16;9473212489;B
20240129;095957;1424.000000000;1;9473212490;S
20240129;095957;1424.000000000;10;9473212491;S
20240129;095957;1424.000000000;20;9473212492;S
20240129;095957;1424.000000000;53;9473212493;S
20240129;095957;1424.000000000;14;9473212494;S
20240129;095957;1424.000000000;5;9473212495;S
20240129;095957;1424.000000000;20;9473212496;S
20240129;095957;1424.000000000;1;9473212497;S
20240129;095957;1424.000000000;7;9473212498;S
20240129;095957;1424.000000000;3;9473212499;S
20240129;095957;1424.000000000;5;9473212500;S
20240129;095957;1424.000000000;3;9473212501;S
20240129;095957;1424.000000000;6;9473212502;B
20240129;095957;1424.000000000;3;9473212503;B
20240129;095957;1424.000000000;7;9473212504;B
20240129;095957;1424.000000000;2;9473212505;B
20240129;095957;1424.000000000;34;9473212506;B
20240129;095957;1424.000000000;3;9473212507;B
20240129;095957;1424.000000000;10;9473212508;B
20240129;095957;1424.000000000;3;9473212509;B
20240129;095957;1424.000000000;7;9473212510;B
20240129;100000;1424.000000000;6;9473213698;B
20240129;100000;1425.000000000;21;9473213699;B
20240129;100000;1425.000000000;9;9473213865;B
20240129;100000;1425.000000000;1;9473213866;B
20240129;100000;1426.000000000;70;9473214031;B
20240129;100000;1425.000000000;28;9473214143;S
20240129;100000;1426.000000000;10;9473214193;B
20240129;100000;1426.000000000;20;9473214241;B
20240129;100000;1426.200000000;25;9473214242;B
20240129;100000;1426.200000000;3;9473214407;B
20240129;100000;1425.000000000;22;9473214576;S
20240129;100001;1425.200000000;20;9473215790;S
20240129;100001;1425.200000000;79;9473215974;S
20240129;100001;1425.200000000;71;9473215975;S
20240129;100003;1426.200000000;5;9473217445;B
20240129;100003;1426.200000000;1;9473217449;B
20240129;100003;1426.200000000;1;9473217739;B
20240129;100003;1426.200000000;1;9473217743;B
20240129;100003;1425.800000000;1;9473217744;S
20240129;100003;1426.200000000;1;9473217746;B
20240129;100003;1426.200000000;1;9473217748;B
20240129;100003;1426.200000000;1;9473217750;B
20240129;100004;1426.000000000;1;9473219476;S
20240129;100004;1426.000000000;1;9473219480;S
20240129;100004;1426.200000000;1;9473219490;B
20240129;100004;1426.200000000;1;9473219496;B
20240129;100004;1426.200000000;1;9473219506;B
20240129;100004;1426.000000000;1;9473219510;S
20240129;100004;1426.000000000;3;9473219512;S
20240129;100004;1426.200000000;20;9473219520;B
20240129;100004;1426.200000000;1;9473219591;B
20240129;100004;1426.000000000;1;9473219592;S
20240129;100004;1426.200000000;1;9473219595;B
20240129;100004;1426.200000000;1;9473219597;B
20240129;100005;1426.200000000;1;9473220275;B
20240129;100005;1426.000000000;3;9473220283;S
20240129;100005;1426.000000000;10;9473220284;S
20240129;100005;1426.000000000;1;9473220285;S
20240129;100005;1425.600000000;2;9473220286;S
20240129;100005;1426.200000000;1;9473220289;B
20240129;100005;1426.200000000;1;9473220296;B
20240129;100005;1425.600000000;1;9473220302;S
20240129;100005;1426.000000000;1;9473220315;B
20240129;100005;1426.000000000;1;9473220323;B
20240129;100005;1426.200000000;1;9473220725;B
20240129;100005;1425.600000000;5;9473220742;S
20240129;100005;1425.400000000;6;9473220743;S
20240129;100005;1425.400000000;1;9473220749;S
20240129;100005;1426.000000000;1;9473220843;B
20240129;100005;1426.000000000;4;9473220846;B
20240129;100005;1426.000000000;1;9473220856;B
20240129;100005;1426.000000000;1;9473220860;B
20240129;100005;1426.000000000;50;9473220868;B
20240129;100005;1425.600000000;1;9473220872;S
20240129;100005;1426.000000000;1;9473221765;B
20240129;100005;1426.000000000;5;9473221768;B
20240129;100005;1426.000000000;1;9473221852;B
20240129;100005;1426.000000000;40;9473221853;B
20240129;100005;1425.600000000;1;9473222188;S
20240129;100005;1426.000000000;2;9473222194;B
20240129;100005;1426.000000000;3;9473222201;B
20240129;100005;1426.000000000;5;9473222208;B
20240129;100005;1426.000000000;1;9473222603;B
20240129;100005;1425.600000000;1;9473222604;S
20240129;100005;1425.600000000;4;9473222808;S
20240129;100005;1425.600000000;1;9473222894;S
20240129;100005;1426.000000000;8;9473222900;B
20240129;100005;1426.000000000;10;9473222903;B
20240129;100005;1426.000000000;3;9473222904;B
20240129;100005;1426.000000000;1;9473223602;B
20240129;100005;1426.000000000;3;9473223604;B
20240129;100005;1425.400000000;2;9473223609;S
20240129;100006;1426.000000000;1;9473223955;B
20240129;100006;1425.400000000;2;9473223962;S
20240129;100006;1426.000000000;1;9473223963;B
20240129;100006;1425.400000000;1;9473223966;S
20240129;100006;1426.000000000;1;9473223987;B
20240129;100006;1425.200000000;1;9473223993;S
20240129;100006;1426.000000000;20;9473223996;B
20240129;100006;1425.200000000;10;9473223999;S
20240129;100006;1426.000000000;20;9473224002;B
20240129;100006;1425.200000000;30;9473224007;S
20240129;100006;1425.200000000;17;9473224476;S
20240129;100006;1426.000000000;10;9473224477;B
20240129;100006;1426.000000000;1;9473224478;B
20240129;100006;1425.200000000;1;9473224479;S
20240129;100006;1426.000000000;1;9473224480;B
20240129;100006;1426.000000000;1;9473224876;B
20240129;100006;1426.200000000;6;9473224877;B
20240129;100006;1425.200000000;1;9473224878;S
20240129;100006;1425.200000000;1;9473225068;S
20240129;100006;1426.200000000;1;9473225272;B
20240129;100006;1426.200000000;10;9473225273;B
20240129;100006;1426.200000000;30;9473225274;B
20240129;100006;1426.200000000;5;9473225275;B
20240129;100006;1426.200000000;3;9473225600;B
20240129;100006;1426.200000000;3;9473225601;B
20240129;100007;1426.200000000;1;9473226087;B
20240129;100007;1426.200000000;5;9473226088;B
20240129;100007;1426.200000000;1;9473226089;B
20240129;100007;1425.600000000;1;9473226090;S
20240129;100007;1425.600000000;68;9473226091;S
20240129;100007;1425.400000000;198;9473226092;S
20240129;100007;1425.200000000;80;9473226093;S
20240129;100007;1425.200000000;2;9473226094;S
20240129;100007;1425.200000000;67;9473226095;S
20240129;100007;1426.000000000;4;9473226560;B
20240129;100007;1426.000000000;1;9473226661;B
20240129;100007;1425.400000000;27;9473226664;S
20240129;100007;1426.000000000;1;9473226670;B
20240129;100007;1426.000000000;1;9473226707;B
20240129;100008;1425.400000000;4;9473227580;S
20240129;100008;1425.400000000;1;9473227581;S
20240129;100008;1426.000000000;1;9473227582;B
20240129;100008;1425.400000000;1;9473227583;S
20240129;100009;1425.400000000;2;9473228196;S
20240129;100010;1425.400000000;58;9473228292;S
20240129;100010;1425.400000000;12;9473228393;S
20240129;100010;1426.000000000;1;9473228403;B
20240129;100010;1425.400000000;9;9473228632;S
20240129;100010;1425.200000000;10;9473228633;S
20240129;100010;1426.000000000;10;9473228643;B
20240129;100010;1425.200000000;1;9473228783;S
20240129;100011;1425.400000000;1;9473228849;S
20240129;100011;1425.400000000;22;9473228882;S
20240129;100011;1426.000000000;1;9473229018;B
20240129;100011;1425.400000000;9;9473229098;S
20240129;100011;1426.000000000;1;9473229217;B
20240129;100012;1426.000000000;6;9473229373;B
20240129;100012;1426.000000000;150;9473229466;B
20240129;100013;1426.000000000;1;9473229605;B
20240129;100013;1426.000000000;1;9473229693;B
20240129;100014;1426.000000000;28;9473230011;B
20240129;100014;1426.200000000;6;9473230071;B
20240129;100015;1426.200000000;17;9473230332;B
20240129;100016;1426.200000000;2;9473230710;B
20240129;100017;1426.000000000;1;9473231496;S
20240129;100017;1426.200000000;41;9473231502;B
20240129;100017;1426.200000000;250;9473231503;B
20240129;100017;1426.200000000;1;9473231538;B
20240129;100017;1426.200000000;2;9473231545;B
20240129;100018;1426.200000000;50;9473231934;B
20240129;100019;1426.000000000;1;9473232262;S
20240129;100019;1426.200000000;2;9473232399;B
20240129;100021;1426.000000000;8;9473233065;S
20240129;100021;1426.000000000;1;9473233066;S
20240129;100021;1426.000000000;1;9473233067;S
20240129;100021;1425.600000000;3;9473233068;S
20240129;100023;1426.200000000;6;9473233436;B
20240129;100023;1426.200000000;20;9473233437;B
20240129;100023;1426.200000000;60;9473233516;B
20240129;100023;1426.200000000;4;9473233525;B
20240129;100023;1426.200000000;200;9473233526;B
20240129;100024;1426.200000000;20;9473233670;B
20240129;100024;1426.200000000;1;9473233790;B
20240129;100024;1426.000000000;1;9473233797;S
20240129;100024;1425.800000000;2;9473233798;S
20240129;100025;1426.200000000;39;9473233974;B
20240129;100025;1426.200000000;300;9473234118;B
20240129;100025;1426.200000000;45;9473234126;B
20240129;100026;1426.200000000;2;9473234368;B
20240129;100026;1426.800000000;3;9473234421;B
20240129;100026;1426.800000000;7;9473234576;B
20240129;100027;1426.800000000;10;9473234635;B
20240129;100027;1426.800000000;1;9473234716;B
20240129;100027;1426.800000000;1;9473234728;B
20240129;100027;1426.600000000;2;9473234929;S
20240129;100028;1426.800000000;199;9473234965;B
20240129;100028;1426.600000000;37;9473235252;S
20240129;100028;1426.400000000;97;9473235253;S
20240129;100028;1426.800000000;1;9473235289;B
20240129;100029;1426.800000000;122;9473235568;B
20240129;100029;1427.000000000;347;9473235569;B
20240129;100029;1427.200000000;21;9473235570;B
20240129;100029;1427.200000000;20;9473235673;B
20240129;100030;1426.600000000;2;9473235992;S
20240129;100031;1426.800000000;1;9473236302;S
20240129;100031;1426.800000000;1;9473236303;S
20240129;100031;1426.600000000;23;9473236304;S
20240129;100031;1426.400000000;106;9473236305;S
20240129;100031;1426.400000000;169;9473236306;S
20240129;100031;1427.200000000;3;9473236528;B
20240129;100033;1427.200000000;2;9473236910;B
20240129;100033;1427.200000000;24;9473237013;B
20240129;100033;1427.200000000;10;9473237014;B
20240129;100033;1427.200000000;10;9473237017;S
20240129;100033;1427.600000000;1;9473237098;B
20240129;100033;1427.600000000;50;9473237099;B
20240129;100033;1427.600000000;20;9473237157;B
20240129;100034;1427.600000000;99;9473237212;B
20240129;100034;1427.600000000;1;9473237213;B
20240129;100034;1427.600000000;1;9473237226;B
20240129;100035;1427.400000000;1;9473237694;S
20240129;100035;1427.200000000;1;9473237695;S
20240129;100036;1427.800000000;1;9473237931;B
20240129;100036;1427.800000000;1;9473237932;B
20240129;100036;1427.800000000;1;9473237933;B
20240129;100036;1427.800000000;1;9473237934;B
20240129;100036;1427.800000000;1;9473237935;B
20240129;100036;1427.800000000;1;9473237936;B
20240129;100036;1427.800000000;1;9473237937;B
20240129;100036;1427.800000000;1;9473237938;B
20240129;100036;1427.800000000;1;9473237939;B
20240129;100036;1427.800000000;4;9473237940;B
20240129;100036;1427.800000000;3;9473237941;B
20240129;100036;1427.800000000;17;9473237942;B
20240129;100037;1427.200000000;1;9473238107;S
20240129;100037;1427.800000000;30;9473238166;B
20240129;100037;1427.800000000;18;9473238172;B
20240129;100037;1427.800000000;82;9473238173;B
20240129;100037;1427.800000000;23;9473238313;B
20240129;100037;1427.800000000;2;9473238314;B
20240129;100037;1427.800000000;25;9473238315;B
20240129;100038;1427.800000000;80;9473238485;B
20240129;100038;1427.800000000;3;9473238490;B
20240129;100039;1427.800000000;2;9473238665;B
20240129;100039;1427.800000000;2;9473238732;B
20240129;100040;1427.800000000;200;9473239032;B
20240129;100043;1427.200000000;4;9473240005;S
20240129;100045;1427.800000000;1;9473240634;B
20240129;100046;1427.800000000;20;9473240746;B
20240129;100046;1427.800000000;67;9473240819;B
20240129;100046;1427.800000000;10;9473240820;B
20240129;100046;1427.800000000;10;9473240821;B
20240129;100046;1427.800000000;13;9473240822;B
20240129;100046;1427.800000000;2;9473240929;B
20240129;100046;1428.000000000;14;9473240930;B
20240129;100047;1428.000000000;11;9473241270;B
20240129;100048;1427.600000000;2;9473241321;S
20240129;100048;1427.200000000;5;9473241322;S
20240129;100048;1427.000000000;4;9473241462;S
20240129;100048;1427.000000000;90;9473241483;S
20240129;100048;1427.200000000;1;9473241492;B
20240129;100049;1427.200000000;1;9473241609;B
20240129;100049;1427.000000000;1;9473241660;S
20240129;100049;1426.600000000;2;9473241661;S
20240129;100049;1427.200000000;1;9473241702;B
20240129;100049;1427.200000000;5;9473241721;B
20240129;100049;1427.800000000;1;9473241722;B
20240129;100049;1428.000000000;5;9473241723;B
20240129;100049;1428.000000000;123;9473241737;B
20240129;100050;1428.000000000;97;9473241851;B
20240129;100050;1428.000000000;1;9473241852;B
20240129;100050;1428.000000000;1;9473241853;B
20240129;100050;1428.000000000;1;9473241854;B
20240129;100050;1428.000000000;32;9473241959;B
20240129;100052;1426.600000000;10;9473242322;S
20240129;100053;1428.000000000;7;9473242467;B
20240129;100053;1428.000000000;1;9473242468;B
20240129;100053;1428.000000000;42;9473242469;B
20240129;100053;1428.000000000;59;9473242536;B
20240129;100053;1428.000000000;3;9473242573;B
20240129;100054;1428.000000000;1;9473242676;B
20240129;100055;1427.200000000;2;9473242935;S
20240129;100055;1426.600000000;8;9473242936;S
20240129;100055;1427.800000000;1;9473243011;S
20240129;100057;1428.000000000;84;9473243419;B
20240129;100057;1428.000000000;1;9473243420;B
20240129;100057;1428.000000000;25;9473243421;B
20240129;100057;1428.600000000;1;9473243422;B
20240129;100057;1428.600000000;16;9473243423;B
20240129;100057;1428.600000000;90;9473243424;B
20240129;100057;1428.800000000;5;9473243425;B
20240129;100057;1428.800000000;1;9473243426;B
20240129;100057;1428.800000000;350;9473243427;B
20240129;100057;1428.800000000;127;9473243428;B
20240129;100057;1428.000000000;2;9473243527;B
20240129;100057;1428.000000000;2;9473243528;B
20240129;100057;1428.000000000;7;9473243532;B
20240129;100057;1428.400000000;3;9473243533;B
20240129;100057;1428.400000000;2;9473243542;B
20240129;100057;1428.400000000;1;9473243543;B
20240129;100058;1428.000000000;1;9473243672;B
20240129;100059;1427.800000000;25;9473243897;B
20240129;100059;1428.000000000;175;9473243898;B
20240129;100059;1428.000000000;7;9473243955;B
20240129;100100;1428.000000000;1;9473244049;B
20240129;100100;1428.000000000;5;9473244068;B
20240129;100100;1428.000000000;1;9473244088;B
20240129;100100;1428.000000000;30;9473244123;B
20240129;100100;1428.000000000;1;9473244336;B
20240129;100100;1428.000000000;1;9473244340;B
20240129;100101;1427.000000000;1;9473244486;S
20240129;100101;1426.800000000;11;9473244487;S
20240129;100103;1427.200000000;5;9473244916;S
20240129;100103;1427.000000000;20;9473244917;S
20240129;100103;1426.800000000;8;9473244918;S
20240129;100103;1428.000000000;20;9473244958;B
20240129;100103;1428.000000000;4;9473245034;B
20240129;100103;1427.800000000;1;9473245042;S
20240129;100108;1428.000000000;100;9473245758;B
20240129;100109;1427.000000000;1;9473245951;S
20240129;100110;1427.000000000;4;9473246081;S
20240129;100110;1426.600000000;1;9473246082;S
20240129;100110;1427.800000000;500;9473246096;B
20240129;100110;1427.800000000;25;9473246097;B
20240129;100110;1428.000000000;107;9473246098;B
20240129;100110;1428.000000000;10;9473246099;B
20240129;100110;1428.000000000;1;9473246100;B
20240129;100110;1428.000000000;50;9473246101;B
20240129;100110;1428.400000000;155;9473246102;B
20240129;100110;1428.600000000;152;9473246103;B
20240129;100111;1428.200000000;25;9473246262;B
20240129;100111;1428.600000000;7;9473246263;B
20240129;100113;1428.000000000;1;9473246634;S
20240129;100114;1428.200000000;1;9473246817;B
20240129;100117;1428.400000000;5;9473247458;B
20240129;100118;1428.200000000;5;9473247717;S
20240129;100120;1428.200000000;7;9473248057;S
20240129;100120;1428.400000000;10;9473248144;B
20240129;100121;1428.200000000;1;9473248278;S
20240129;100122;1428.400000000;1;9473248558;B
20240129;100127;1428.400000000;2;9473249557;B
20240129;100129;1428.400000000;15;9473250136;B
20240129;100129;1428.600000000;40;9473250137;B
20240129;100130;1428.600000000;32;9473250340;B
20240129;100131;1428.600000000;1;9473250371;B
20240129;100131;1428.600000000;200;9473250412;B
20240129;100133;1428.600000000;1;9473250877;B
20240129;100138;1428.600000000;367;9473251879;B
20240129;100138;1428.800000000;30;9473251880;B
20240129;100138;1428.800000000;25;9473251881;B
20240129;100138;1429.000000000;1;9473251882;B
20240129;100138;1429.000000000;40;9473251883;B
20240129;100138;1429.000000000;2;9473251884;B
20240129;100138;1429.000000000;35;9473251885;B
20240129;100139;1429.000000000;1;9473252002;B
20240129;100139;1429.000000000;5;9473252156;B
20240129;100143;1429.000000000;5;9473252787;B
20240129;100144;1428.200000000;1;9473253018;S
20240129;100145;1429.000000000;2;9473253123;B
20240129;100146;1428.400000000;2;9473253234;S
20240129;100147;1429.000000000;3;9473253706;B
20240129;100148;1428.600000000;1;9473253791;S
20240129;100148;1429.000000000;1;9473253802;B
20240129;100148;1429.000000000;7;9473253887;B
20240129;100148;1429.000000000;35;9473253902;B
20240129;100149;1429.000000000;3;9473253951;B
20240129;100149;1429.000000000;5;9473253987;B
20240129;100150;1428.600000000;1;9473254255;S
20240129;100150;1429.000000000;1;9473254262;B
20240129;100151;1429.000000000;10;9473254272;B
20240129;100151;1429.000000000;1;9473254344;B
20240129;100153;1428.600000000;98;9473254778;S
20240129;100153;1428.600000000;2;9473254779;S
20240129;100153;1428.800000000;3;9473254864;B
20240129;100154;1428.800000000;1;9473254912;B
20240129;100157;1428.600000000;1;9473255547;S
20240129;100157;1428.800000000;20;9473255700;B
20240129;100159;1428.800000000;1;9473255938;B
20240129;100201;1428.800000000;6;9473256276;B
20240129;100202;1428.800000000;1;9473256315;B
20240129;100202;1428.600000000;7;9473256429;S
20240129;100202;1428.400000000;6;9473256430;S
20240129;100203;1428.400000000;9;9473256565;S
20240129;100204;1428.800000000;50;9473256760;B
20240129;100205;1428.800000000;2;9473256948;B
20240129;100205;1428.800000000;2;9473257093;B
20240129;100206;1428.800000000;10;9473257222;B
20240129;100207;1428.800000000;4;9473257310;B
20240129;100207;1428.800000000;16;9473257311;B
20240129;100208;1428.800000000;3;9473257442;B
20240129;100209;1428.800000000;6;9473257616;B
20240129;100209;1428.800000000;72;9473257617;B
20240129;100209;1428.800000000;10;9473257618;B
20240129;100209;1429.000000000;112;9473257619;B
20240129;100209;1429.000000000;2;9473257639;B
20240129;100211;1428.800000000;1;9473257969;S
20240129;100212;1429.000000000;3;9473258198;B
20240129;100212;1429.000000000;54;9473258279;B
20240129;100214;1428.800000000;1;9473258687;S
20240129;100215;1429.000000000;1;9473258951;B
20240129;100216;1429.000000000;30;9473259026;B
20240129;100216;1429.000000000;25;9473259057;B
20240129;100216;1428.800000000;20;9473259176;S
20240129;100220;1429.000000000;15;9473259864;B
20240129;100220;1428.800000000;8;9473259937;S
20240129;100220;1429.000000000;3;9473259985;B
20240129;100222;1428.800000000;53;9473260242;S
20240129;100222;1428.800000000;3;9473260243;S
20240129;100222;1428.800000000;14;9473260244;S
20240129;100222;1429.000000000;90;9473260252;B
20240129;100222;1428.800000000;1;9473260349;S
20240129;100226;1429.000000000;3;9473261029;B
20240129;100227;1429.000000000;400;9473261249;B
20240129;100228;1429.000000000;1;9473261452;B
20240129;100230;1429.000000000;4;9473261954;B
20240129;100230;1428.800000000;1;9473262009;S
20240129;100232;1429.000000000;1;9473262267;B
20240129;100232;1429.000000000;1;9473262281;B
20240129;100233;1429.000000000;10;9473262425;B
20240129;100233;1428.800000000;8;9473262485;S
20240129;100233;1428.800000000;1;9473262486;S
20240129;100233;1428.800000000;1;9473262487;S
20240129;100233;1428.800000000;40;9473262488;S
20240129;100233;1428.800000000;1;9473262489;S
20240129;100235;1428.800000000;13;9473262915;B
20240129;100236;1428.800000000;36;9473263028;B
20240129;100236;1429.000000000;64;9473263029;B
20240129;100237;1429.000000000;1;9473263256;B
20240129;100237;1429.000000000;2;9473263265;B
20240129;100239;1428.600000000;3;9473263795;S
20240129;100239;1429.000000000;6;9473263877;B
20240129;100240;1428.800000000;1;9473263964;S
20240129;100240;1429.000000000;16;9473264013;B
20240129;100241;1428.800000000;1;9473264100;S
20240129;100241;1428.800000000;13;9473264101;S
20240129;100242;1428.800000000;7;9473264326;S
20240129;100242;1428.600000000;2;9473264327;S
20240129;100242;1428.600000000;8;9473264328;S
20240129;100244;1429.000000000;1;9473264671;B
20240129;100246;1429.000000000;170;9473264926;B
20240129;100247;1429.000000000;15;9473265117;B
20240129;100247;1429.000000000;20;9473265142;B
20240129;100247;1428.800000000;1;9473265144;S
20240129;100247;1428.800000000;9;9473265250;S
20240129;100247;1428.600000000;98;9473265251;S
20240129;100247;1428.600000000;6;9473265252;S
20240129;100247;1428.600000000;3;9473265253;S
20240129;100247;1428.600000000;54;9473265254;S
20240129;100248;1429.000000000;1;9473265363;B
20240129;100248;1429.000000000;1;9473265395;B
20240129;100248;1429.000000000;30;9473265426;B
20240129;100248;1429.000000000;4;9473265461;B
20240129;100249;1429.000000000;1;9473265603;B
20240129;100250;1428.800000000;2;9473265746;S
20240129;100251;1429.000000000;3;9473265957;B
20240129;100252;1429.000000000;100;9473266191;B
20240129;100252;1428.800000000;3;9473266198;S
20240129;100252;1429.000000000;60;9473266230;B
20240129;100253;1429.000000000;1;9473266293;B
20240129;100253;1428.800000000;2;9473266375;S
20240129;100254;1429.000000000;4;9473266549;B
20240129;100255;1429.000000000;10;9473266623;B
20240129;100255;1429.000000000;1;9473266661;B
20240129;100255;1429.000000000;1;9473266675;B
20240129;100256;1429.000000000;1;9473266746;B
20240129;100257;1428.800000000;3;9473266891;S
20240129;100257;1428.800000000;1;9473266943;S
20240129;100257;1429.000000000;2;9473266970;B
20240129;100258;1428.800000000;95;9473267066;S
20240129;100258;1428.800000000;100;9473267067;S
20240129;100258;1428.800000000;15;9473267068;S
20240129;100258;1428.800000000;4;9473267069;S
20240129;100258;1428.800000000;6;9473267070;S
20240129;100259;1429.000000000;1;9473267185;B
20240129;100259;1429.000000000;1;9473267215;B
20240129;100300;1429.000000000;23;9473267365;B
20240129;100301;1429.000000000;2;9473267495;B
20240129;100302;1429.000000000;50;9473267819;B
20240129;100302;1429.000000000;2;9473267862;B
20240129;100302;1429.000000000;9;9473267905;B
20240129;100304;1429.000000000;1;9473268261;B
20240129;100305;1429.000000000;5;9473268322;B
20240129;100305;1429.000000000;21;9473268345;B
20240129;100310;1428.800000000;1;9473269447;S
20240129;100311;1429.000000000;75;9473269624;B
20240129;100311;1429.000000000;1;9473269627;B
20240129;100312;1429.000000000;1;9473269785;B
20240129;100313;1428.800000000;1;9473269898;S
20240129;100313;1428.800000000;50;9473269902;S
20240129;100313;1429.000000000;2;9473269922;B
20240129;100313;1429.000000000;1;9473269957;B
20240129;100313;1429.000000000;100;9473269971;B
20240129;100313;1429.000000000;1;9473269981;B
20240129;100314;1429.000000000;7;9473270052;B
20240129;100314;1429.000000000;10;9473270148;B
20240129;100315;1429.000000000;1;9473270265;B
20240129;100315;1429.000000000;12;9473270276;B
20240129;100316;1429.000000000;20;9473270370;B
20240129;100316;1429.000000000;1;9473270390;B
20240129;100316;1429.000000000;142;9473270411;B
20240129;100316;1429.000000000;60;9473270421;B
20240129;100316;1429.000000000;15;9473270440;B
20240129;100316;1429.000000000;5;9473270441;B
20240129;100319;1428.800000000;42;9473271077;S
20240129;100319;1428.800000000;106;9473271078;S
20240129;100319;1428.800000000;118;9473271079;S
20240129;100320;1429.000000000;90;9473271253;B
20240129;100320;1429.000000000;2;9473271254;B
20240129;100320;1429.000000000;10;9473271255;B
20240129;100320;1429.000000000;400;9473271256;B
20240129;100320;1429.000000000;16;9473271257;B
20240129;100320;1429.000000000;10;9473271258;B
20240129;100320;1429.000000000;1;9473271259;B
20240129;100320;1429.000000000;1;9473271260;B
20240129;100320;1429.000000000;166;9473271261;B
20240129;100320;1429.000000000;2;9473271262;B
20240129;100321;1428.800000000;2;9473271589;S
20240129;100321;1429.000000000;32;9473271599;B
20240129;100321;1429.000000000;4;9473271600;B
20240129;100321;1429.200000000;6;9473271601;B
20240129;100321;1429.200000000;8;9473271602;B
20240129;100322;1429.200000000;18;9473271647;B
20240129;100322;1429.600000000;1;9473271690;B
20240129;100322;1429.600000000;1;9473271691;B
20240129;100322;1429.400000000;5;9473271723;S
20240129;100322;1429.400000000;40;9473271736;S
20240129;100322;1429.400000000;50;9473271743;S
20240129;100322;1429.400000000;91;9473271805;S
20240129;100322;1429.000000000;10;9473271806;S
20240129;100322;1429.000000000;99;9473271807;S
20240129;100322;1429.600000000;1;9473271845;B
20240129;100323;1429.000000000;1;9473271986;S
20240129;100323;1429.000000000;5;9473271987;S
20240129;100323;1429.000000000;21;9473271988;S
20240129;100323;1428.800000000;53;9473271989;S
20240129;100324;1429.000000000;1;9473272216;S
20240129;100325;1429.000000000;1;9473272535;S
20240129;100326;1429.200000000;1;9473272811;B
20240129;100326;1429.400000000;53;9473272812;B
20240129;100326;1429.600000000;3;9473272813;B
20240129;100326;1429.600000000;12;9473272814;B
20240129;100330;1429.600000000;6;9473273627;B
20240129;100331;1429.400000000;18;9473273866;S
20240129;100331;1429.600000000;10;9473273905;B
20240129;100336;1429.000000000;8;9473274750;S
20240129;100336;1429.000000000;4;9473274751;S
20240129;100336;1429.400000000;11;9473274818;B
20240129;100336;1429.400000000;2;9473274819;B
20240129;100336;1429.600000000;1;9473274820;B
20240129;100343;1429.400000000;1;9473276143;B
20240129;100345;1429.000000000;31;9473276503;S
20240129;100345;1429.000000000;210;9473276541;S
20240129;100345;1429.200000000;1;9473276557;B
20240129;100346;1429.200000000;11;9473276600;B
20240129;100346;1429.000000000;144;9473276614;S
20240129;100346;1429.000000000;40;9473276615;S
20240129;100346;1429.000000000;1;9473276616;S
20240129;100346;1429.000000000;15;9473276617;S
20240129;100346;1429.200000000;2;9473276677;B
20240129;100346;1429.000000000;9;9473276732;S
20240129;100346;1429.000000000;1;9473276733;S
20240129;100346;1428.800000000;15;9473276734;S
20240129;100348;1429.200000000;92;9473276876;B
20240129;100348;1429.400000000;18;9473276877;B
20240129;100348;1429.200000000;1;9473276973;B
20240129;100349;1429.200000000;6;9473277029;B
20240129;100349;1429.200000000;1;9473277104;B
20240129;100349;1429.200000000;3;9473277188;B
20240129;100350;1429.000000000;1;9473277426;S
20240129;100351;1429.200000000;1;9473277524;B
20240129;100352;1429.200000000;1;9473277743;B
20240129;100353;1429.200000000;1;9473277922;B
20240129;100355;1429.200000000;5;9473278380;B
20240129;100355;1429.200000000;2;9473278464;B
20240129;100356;1429.200000000;3;9473278469;B
20240129;100356;1429.000000000;1;9473278557;S
20240129;100356;1428.800000000;10;9473278558;S
20240129;100356;1428.800000000;100;9473278559;S
20240129;100357;1429.200000000;65;9473278758;B
20240129;100358;1429.000000000;1;9473279200;B
20240129;100359;1429.000000000;9;9473279325;B
20240129;100359;1429.200000000;106;9473279326;B
20240129;100359;1429.200000000;4;9473279327;B
20240129;100401;1428.600000000;9;9473279717;S
20240129;100401;1429.000000000;5;9473279785;B
20240129;100402;1429.000000000;1;9473279950;B
20240129;100402;1429.000000000;1;9473279992;B
20240129;100403;1429.000000000;2;9473280040;B
20240129;100405;1428.800000000;30;9473280470;B
20240129;100405;1428.600000000;15;9473280512;S
20240129;100406;1428.800000000;50;9473280556;B
20240129;100406;1428.800000000;2;9473280679;B
20240129;100407;1428.800000000;1;9473280879;B
20240129;100407;1428.800000000;8;9473280880;B
20240129;100410;1428.800000000;3;9473281518;B
20240129;100411;1428.800000000;2;9473281652;B
20240129;100412;1428.600000000;2;9473281779;S
20240129;100412;1428.800000000;2;9473281863;B
20240129;100412;1428.600000000;120;9473281866;S
20240129;100412;1428.600000000;100;9473281867;S
20240129;100412;1428.600000000;1;9473281868;S
20240129;100412;1428.600000000;170;9473281869;S
20240129;100413;1428.400000000;2;9473281969;S
20240129;100413;1428.600000000;3;9473282030;B
20240129;100413;1428.600000000;9;9473282097;B
20240129;100415;1428.600000000;1;9473282332;B
20240129;100416;1428.600000000;1;9473282435;B
20240129;100417;1428.400000000;2;9473282573;S
20240129;100419;1428.400000000;1;9473282967;S
20240129;100419;1428.600000000;30;9473282980;B
20240129;100420;1428.600000000;10;9473283220;B
20240129;100420;1428.400000000;15;9473283250;S
20240129;100421;1428.600000000;2;9473283318;B
20240129;100421;1428.400000000;8;9473283427;S
20240129;100421;1428.600000000;1;9473283431;B
20240129;100421;1428.600000000;1;9473283487;B
20240129;100422;1428.600000000;21;9473283589;B
20240129;100423;1428.600000000;2;9473283753;B
20240129;100424;1428.600000000;10;9473284224;B
20240129;100426;1428.600000000;1;9473284696;B
20240129;100426;1428.600000000;100;9473284760;B
20240129;100426;1428.600000000;100;9473284770;B
20240129;100428;1428.600000000;6;9473285000;B
20240129;100428;1428.600000000;1;9473285176;B
20240129;100429;1428.600000000;1;9473285193;B
20240129;100429;1428.600000000;3;9473285207;B
20240129;100430;1428.600000000;1;9473285437;B
20240129;100431;1428.600000000;67;9473285654;B
20240129;100431;1428.600000000;20;9473285673;B
20240129;100431;1428.600000000;1;9473285731;B
20240129;100432;1428.600000000;8;9473285789;B
20240129;100435;1428.600000000;2;9473286362;B
20240129;100435;1428.600000000;10;9473286363;B
20240129;100436;1428.400000000;50;9473286539;S
20240129;100436;1428.600000000;2;9473286551;B
20240129;100437;1428.600000000;19;9473286686;B
20240129;100439;1428.600000000;1;9473286883;B
20240129;100439;1428.400000000;2;9473286904;S
20240129;100439;1428.400000000;11;9473286991;S
20240129;100439;1428.400000000;1;9473286992;S
20240129;100439;1428.400000000;1;9473286993;S
20240129;100439;1428.400000000;14;9473286994;S
20240129;100439;1428.400000000;5;9473286995;S
20240129;100439;1428.400000000;1;9473286996;S
20240129;100439;1428.400000000;1;9473286997;S
20240129;100439;1428.400000000;106;9473286998;S
20240129;100439;1428.400000000;100;9473286999;S
20240129;100439;1428.200000000;1;9473287000;S
20240129;100439;1428.200000000;1;9473287001;S
20240129;100439;1428.200000000;29;9473287002;S
20240129;100439;1428.200000000;100;9473287003;S
20240129;100439;1428.200000000;3;9473287004;S
20240129;100439;1428.200000000;2;9473287005;S
20240129;100439;1428.200000000;98;9473287006;S
20240129;100439;1428.200000000;26;9473287007;S
20240129;100440;1428.400000000;1;9473287013;B
20240129;100440;1428.400000000;19;9473287014;B
20240129;100440;1428.200000000;1;9473287023;S
20240129;100440;1428.000000000;2;9473287024;S
20240129;100440;1428.400000000;1;9473287089;B
20240129;100440;1428.400000000;2;9473287108;B
20240129;100440;1428.400000000;5;9473287127;B
20240129;100441;1428.400000000;73;9473287172;B
20240129;100441;1428.400000000;37;9473287173;B
20240129;100441;1428.200000000;20;9473287245;S
20240129;100442;1428.200000000;86;9473287332;S
20240129;100442;1428.000000000;128;9473287333;S
20240129;100442;1428.000000000;15;9473287334;S
20240129;100442;1428.000000000;1;9473287335;S
20240129;100442;1428.000000000;1;9473287336;S
20240129;100442;1428.000000000;200;9473287337;S
20240129;100442;1428.000000000;2;9473287338;S
20240129;100442;1428.000000000;1;9473287339;S
20240129;100442;1428.000000000;2;9473287340;S
20240129;100442;1428.000000000;7;9473287341;S
20240129;100442;1428.000000000;2;9473287342;S
20240129;100442;1428.000000000;1;9473287343;S
20240129;100442;1428.000000000;10;9473287344;S
20240129;100442;1428.000000000;1;9473287345;S
20240129;100442;1428.000000000;2;9473287346;S
20240129;100442;1428.000000000;41;9473287347;S
20240129;100443;1428.000000000;59;9473287540;S
20240129;100443;1428.000000000;1;9473287541;S
20240129;100444;1428.200000000;1;9473287765;B
20240129;100444;1427.800000000;2;9473287797;S
20240129;100444;1427.800000000;3;9473287798;S
20240129;100444;1427.600000000;2;9473287799;S
20240129;100444;1427.400000000;3;9473287800;S
20240129;100444;1427.400000000;26;9473287801;S
20240129;100444;1427.400000000;37;9473287802;S
20240129;100444;1427.200000000;25;9473287803;S
20240129;100444;1427.200000000;166;9473287804;S
20240129;100445;1427.000000000;1;9473287923;S
20240129;100445;1427.000000000;6;9473287924;S
20240129;100446;1427.000000000;94;9473288057;S
20240129;100446;1427.000000000;1;9473288058;S
20240129;100446;1427.000000000;3;9473288059;S
20240129;100446;1427.000000000;1;9473288060;S
20240129;100446;1427.000000000;15;9473288061;S
20240129;100446;1427.000000000;9;9473288062;S
20240129;100446;1426.800000000;2;9473288070;S
20240129;100446;1426.800000000;1;9473288071;S
20240129;100446;1426.800000000;1;9473288072;S
20240129;100446;1426.800000000;2;9473288073;S
20240129;100446;1426.800000000;2;9473288074;S
20240129;100446;1426.800000000;2;9473288075;S
20240129;100446;1426.800000000;23;9473288078;S
20240129;100446;1426.600000000;127;9473288079;S
20240129;100447;1426.800000000;1;9473288423;S
20240129;100447;1426.800000000;2;9473288429;S
20240129;100447;1426.800000000;1;9473288465;S
20240129;100448;1427.000000000;1;9473288697;B
20240129;100448;1427.400000000;2;9473288698;B
20240129;100449;1427.400000000;4;9473288780;B
20240129;100449;1426.800000000;3;9473288794;S
20240129;100449;1427.400000000;10;9473288806;B
20240129;100449;1427.400000000;3;9473288839;B
20240129;100450;1427.400000000;5;9473288902;B
20240129;100452;1427.400000000;2;9473289333;B
20240129;100452;1427.600000000;18;9473289334;B
20240129;100452;1427.600000000;1;9473289360;B
20240129;100453;1427.600000000;50;9473289503;B
20240129;100455;1427.800000000;1;9473289943;B
20240129;100455;1427.800000000;1;9473289957;B
20240129;100456;1427.800000000;1;9473290065;B
20240129;100456;1427.800000000;4;9473290209;B
20240129;100457;1427.800000000;1;9473290247;B
20240129;100457;1427.000000000;3;9473290384;S
20240129;100457;1427.000000000;23;9473290397;S
20240129;100457;1427.000000000;15;9473290398;S
20240129;100457;1427.600000000;3;9473290407;B
20240129;100457;1427.800000000;42;9473290408;B
20240129;100457;1428.000000000;198;9473290409;B
20240129;100457;1428.000000000;25;9473290410;B
20240129;100457;1428.000000000;1;9473290411;B
20240129;100457;1428.000000000;106;9473290412;B
20240129;100457;1428.000000000;70;9473290413;B
20240129;100457;1428.200000000;55;9473290414;B
20240129;100458;1428.000000000;3;9473290509;B
20240129;100458;1427.200000000;1;9473290518;S
20240129;100459;1427.200000000;3;9473290606;S
20240129;100501;1428.000000000;3;9473291213;B
20240129;100504;1427.400000000;10;9473291694;S
20240129;100504;1427.200000000;22;9473291695;S
20240129;100504;1427.200000000;25;9473291696;S
20240129;100504;1427.200000000;43;9473291697;S
20240129;100505;1427.400000000;50;9473291934;S
20240129;100507;1428.000000000;17;9473292195;B
20240129;100507;1428.000000000;13;9473292196;B
20240129;100507;1427.200000000;3;9473292229;S
20240129;100507;1427.200000000;22;9473292444;S
20240129;100507;1427.200000000;3;9473292445;S
20240129;100507;1427.200000000;152;9473292446;S
20240129;100507;1427.200000000;3;9473292447;S
20240129;100508;1427.200000000;78;9473292485;S
20240129;100508;1427.200000000;15;9473292611;S
20240129;100508;1427.000000000;198;9473292612;S
20240129;100508;1427.000000000;1;9473292613;S
20240129;100508;1427.000000000;25;9473292614;S
20240129;100508;1427.000000000;11;9473292615;S
20240129;100511;1427.400000000;1;9473293107;B
20240129;100511;1427.600000000;2;9473293203;B
20240129;100513;1427.600000000;2;9473293434;B
20240129;100514;1427.600000000;1;9473293695;B
20240129;100517;1427.600000000;2;9473294243;S
20240129;100517;1427.800000000;4;9473294378;B
20240129;100521;1428.000000000;5;9473294919;B
20240129;100522;1428.000000000;5;9473295080;B
20240129;100522;1428.000000000;1;9473295203;B
20240129;100523;1428.000000000;2;9473295374;B
20240129;100526;1428.000000000;1;9473295816;B
20240129;100526;1427.800000000;1;9473295862;S
20240129;100526;1427.600000000;2;9473295863;S
20240129;100526;1427.600000000;1;9473295918;S
20240129;100526;1427.600000000;1;9473295919;S
20240129;100528;1427.600000000;15;9473296347;B
20240129;100529;1427.600000000;1;9473296585;B
20240129;100530;1427.600000000;1;9473296601;B
20240129;100530;1427.600000000;2;9473296740;B
20240129;100530;1427.600000000;2;9473296803;B
20240129;100531;1427.600000000;27;9473296824;B
20240129;100531;1427.800000000;3;9473296825;B
20240129;100531;1428.000000000;25;9473296826;B
20240129;100531;1428.000000000;30;9473296956;B
20240129;100531;1428.000000000;21;9473296957;B
20240129;100531;1428.000000000;6;9473296958;B
20240129;100531;1428.200000000;43;9473296959;B
20240129;100531;1427.400000000;106;9473296980;S
20240129;100531;1427.200000000;25;9473296981;S
20240129;100531;1427.200000000;1;9473296982;S
20240129;100531;1427.200000000;26;9473296983;S
20240129;100531;1427.200000000;6;9473296984;S
20240129;100533;1428.000000000;2;9473297262;B
20240129;100535;1428.200000000;9;9473297611;B
20240129;100535;1428.200000000;2;9473297629;B
20240129;100536;1427.600000000;2;9473297694;S
20240129;100536;1427.400000000;23;9473297695;S
20240129;100536;1428.200000000;15;9473297747;B
20240129;100537;1427.600000000;1;9473298030;B
20240129;100537;1427.600000000;4;9473298045;B
20240129;100537;1428.200000000;1;9473298046;B
20240129;100539;1427.200000000;1;9473298318;S
20240129;100541;1427.200000000;1;9473298692;S
20240129;100544;1427.400000000;54;9473299355;B
20240129;100545;1427.400000000;27;9473299420;B
20240129;100545;1427.400000000;10;9473299590;B
20240129;100547;1427.400000000;1;9473299855;B
20240129;100548;1427.400000000;2;9473299981;B
20240129;100548;1427.400000000;15;9473300065;B
20240129;100549;1427.200000000;2;9473300139;S
20240129;100549;1427.200000000;5;9473300140;S
20240129;100549;1427.400000000;25;9473300157;B
20240129;100549;1427.200000000;35;9473300220;S
20240129;100552;1427.400000000;50;9473300685;B
20240129;100553;1427.200000000;5;9473300861;S
20240129;100553;1427.400000000;2;9473300899;B
20240129;100553;1427.600000000;1;9473300900;B
20240129;100554;1427.600000000;1;9473301134;B
20240129;100556;1427.600000000;1;9473301396;B
20240129;100557;1427.600000000;1;9473301697;B
20240129;100558;1427.600000000;5;9473301774;B
20240129;100558;1427.600000000;76;9473301798;B
20240129;100559;1428.000000000;1;9473301976;B
20240129;100559;1428.000000000;1;9473301984;B
20240129;100559;1428.000000000;1;9473301985;B
20240129;100600;1427.800000000;5;9473302131;S
20240129;100600;1427.800000000;101;9473302175;S
20240129;100600;1427.600000000;174;9473302176;S
20240129;100600;1427.600000000;132;9473302177;S
20240129;100600;1427.400000000;5;9473302178;S
20240129;100600;1427.400000000;10;9473302179;S
20240129;100600;1427.200000000;5;9473302180;S
20240129;100600;1427.200000000;1;9473302181;S
20240129;100600;1427.200000000;25;9473302182;S
20240129;100600;1427.200000000;3;9473302183;S
20240129;100600;1427.000000000;1;9473302184;S
20240129;100600;1427.000000000;10;9473302185;S
20240129;100600;1427.000000000;1;9473302186;S
20240129;100600;1427.000000000;1;9473302187;S
20240129;100600;1427.000000000;1;9473302188;S
20240129;100600;1427.000000000;1;9473302189;S
20240129;100600;1427.000000000;1;9473302190;S
20240129;100600;1427.000000000;3;9473302191;S
20240129;100600;1427.000000000;2;9473302192;S
20240129;100600;1427.000000000;10;9473302193;S
20240129;100600;1427.000000000;2;9473302194;S
20240129;100600;1427.000000000;70;9473302195;S
20240129;100600;1427.000000000;78;9473302196;S
20240129;100600;1427.000000000;1;9473302197;S
20240129;100600;1426.800000000;5;9473302198;S
20240129;100600;1426.800000000;282;9473302199;S
20240129;100600;1426.800000000;26;9473302200;S
20240129;100600;1426.800000000;9;9473302201;S
20240129;100602;1427.600000000;2;9473302410;B
20240129;100603;1427.600000000;5;9473302523;B
20240129;100606;1427.600000000;1;9473303099;B
20240129;100606;1427.200000000;1;9473303223;S
20240129;100606;1427.200000000;1;9473303224;S
20240129;100606;1427.200000000;1;9473303225;S
20240129;100606;1427.000000000;5;9473303226;S
20240129;100608;1427.200000000;10;9473303619;B
20240129;100609;1427.200000000;5;9473303636;B
20240129;100609;1427.200000000;1;9473303739;B
20240129;100609;1427.200000000;68;9473303745;B
20240129;100609;1427.400000000;184;9473303746;B
20240129;100610;1427.400000000;6;9473303869;B
20240129;100610;1427.400000000;2;9473303983;B
20240129;100613;1427.400000000;8;9473304430;B
20240129;100613;1427.600000000;18;9473304431;B
20240129;100613;1427.600000000;44;9473304432;B
20240129;100615;1426.800000000;1;9473304812;S
20240129;100615;1427.000000000;1;9473304814;B
20240129;100615;1427.400000000;1;9473304815;S
20240129;100615;1427.400000000;30;9473304853;S
20240129;100617;1427.600000000;1;9473305232;B
20240129;100619;1427.200000000;1;9473305562;S
20240129;100619;1427.000000000;1;9473305563;S
20240129;100620;1427.600000000;10;9473305678;B
20240129;100620;1427.000000000;1;9473305782;S
20240129;100622;1427.600000000;1;9473305993;B
20240129;100622;1427.600000000;1;9473305996;B
20240129;100626;1427.800000000;1;9473307381;B
20240129;100627;1427.600000000;1;9473307637;B
20240129;100627;1427.800000000;1;9473307638;B
20240129;100630;1427.800000000;1;9473308119;B
20240129;100630;1427.800000000;1;9473308148;B
20240129;100633;1427.800000000;2;9473308573;B
20240129;100634;1427.600000000;3;9473308788;B
20240129;100637;1427.600000000;1;9473309305;B
20240129;100637;1427.600000000;1;9473309320;B
20240129;100638;1427.800000000;15;9473309340;B
20240129;100639;1427.400000000;106;9473309535;S
20240129;100639;1427.400000000;2;9473309536;S
20240129;100639;1427.400000000;127;9473309537;S
20240129;100639;1427.200000000;673;9473309538;S
20240129;100639;1427.200000000;25;9473309539;S
20240129;100639;1427.200000000;1;9473309540;S
20240129;100639;1427.000000000;7;9473309541;S
20240129;100639;1427.000000000;30;9473309542;S
20240129;100639;1427.000000000;491;9473309543;S
20240129;100639;1427.000000000;2;9473309544;S
20240129;100639;1427.000000000;2;9473309545;S
20240129;100639;1427.000000000;15;9473309546;S
20240129;100639;1426.800000000;10;9473309547;S
20240129;100639;1426.800000000;5;9473309548;S
20240129;100639;1426.800000000;26;9473309549;S
20240129;100639;1426.600000000;100;9473309550;S
20240129;100639;1426.600000000;5;9473309551;S
20240129;100639;1426.600000000;70;9473309552;S
20240129;100639;1426.400000000;1;9473309553;S
20240129;100639;1426.400000000;5;9473309554;S
20240129;100639;1426.200000000;1;9473309555;S
20240129;100639;1426.200000000;5;9473309556;S
20240129;100639;1426.200000000;70;9473309557;S
20240129;100639;1426.000000000;50;9473309558;S
20240129;100639;1426.000000000;1;9473309559;S
20240129;100639;1426.000000000;17;9473309560;S
20240129;100639;1426.000000000;1;9473309561;S
20240129;100639;1426.000000000;3;9473309562;S
20240129;100639;1426.000000000;1;9473309563;S
20240129;100639;1426.000000000;1;9473309564;S
20240129;100639;1425.800000000;1;9473309565;S
20240129;100639;1425.800000000;85;9473309566;S
20240129;100639;1425.800000000;21;9473309567;S
20240129;100639;1425.600000000;1;9473309568;S
20240129;100639;1425.600000000;100;9473309569;S
20240129;100639;1425.600000000;5;9473309570;S
20240129;100639;1425.600000000;16;9473309571;S
20240129;100639;1425.600000000;56;9473309572;S
20240129;100639;1425.600000000;80;9473309573;S
20240129;100639;1425.400000000;900;9473309574;S
20240129;100639;1425.400000000;700;9473309575;S
20240129;100639;1425.200000000;1;9473309576;S
20240129;100639;1425.200000000;3;9473309577;S
20240129;100639;1425.200000000;5;9473309578;S
20240129;100639;1425.000000000;362;9473309579;S
20240129;100639;1425.000000000;4;9473309580;S
20240129;100639;1425.000000000;1;9473309581;S
20240129;100639;1425.000000000;100;9473309582;S
20240129;100639;1425.000000000;50;9473309583;S
20240129;100639;1425.000000000;1;9473309584;S
20240129;100639;1425.000000000;5;9473309585;S
20240129;100639;1425.000000000;1;9473309586;S
20240129;100639;1425.000000000;12;9473309587;S
20240129;100639;1425.000000000;1;9473309588;S
20240129;100639;1425.000000000;2;9473309589;S
20240129;100639;1425.000000000;5;9473309590;S
20240129;100639;1425.000000000;14;9473309591;S
20240129;100639;1425.000000000;50;9473309592;S
20240129;100639;1425.000000000;1;9473309593;S
20240129;100639;1425.000000000;6;9473309594;S
20240129;100639;1425.000000000;1;9473309595;S
20240129;100639;1425.000000000;1;9473309596;S
20240129;100639;1425.000000000;100;9473309597;S
20240129;100639;1425.000000000;5;9473309598;S
20240129;100639;1425.000000000;2;9473309599;S
20240129;100639;1425.000000000;5;9473309600;S
20240129;100639;1425.000000000;80;9473309601;S
20240129;100639;1425.000000000;364;9473309602;S
20240129;100639;1427.200000000;67;9473309604;S
20240129;100639;1425.600000000;28;9473309688;S
20240129;100644;1425.800000000;10;9473310522;B
20240129;100646;1426.000000000;1;9473310931;B
20240129;100646;1426.000000000;1;9473310967;B
20240129;100647;1426.000000000;1;9473311097;B
20240129;100648;1425.600000000;12;9473311304;S
20240129;100649;1425.600000000;10;9473311519;S
20240129;100651;1425.800000000;1;9473311758;B
20240129;100652;1425.600000000;20;9473311888;S
20240129;100652;1425.600000000;2;9473311889;S
20240129;100652;1425.400000000;8;9473311890;S
20240129;100652;1425.200000000;25;9473311891;S
20240129;100652;1425.200000000;120;9473311892;S
20240129;100652;1425.000000000;1;9473311893;S
20240129;100652;1425.000000000;1;9473311894;S
20240129;100652;1425.000000000;5;9473311895;S
20240129;100652;1425.000000000;100;9473311896;S
20240129;100652;1425.000000000;42;9473311897;S
20240129;100652;1425.000000000;70;9473311898;S
20240129;100652;1424.800000000;2;9473311899;S
20240129;100652;1425.600000000;4;9473311911;B
20240129;100653;1425.000000000;12;9473312045;S
20240129;100653;1425.800000000;1;9473312147;B
20240129;100656;1425.200000000;50;9473312800;S
20240129;100656;1425.000000000;4;9473312801;S
20240129;100656;1425.800000000;1;9473312857;B
20240129;100659;1425.800000000;40;9473313322;B
20240129;100703;1425.400000000;8;9473313936;S
20240129;100705;1425.800000000;1;9473314240;B
20240129;100708;1425.800000000;2;9473314863;B
20240129;100711;1425.600000000;3;9473315360;B
20240129;100711;1425.600000000;1;9473315390;B
20240129;100712;1425.600000000;2;9473315448;B
20240129;100712;1425.600000000;20;9473315533;B
20240129;100718;1425.200000000;30;9473316470;S
20240129;100718;1425.200000000;2;9473316634;S
20240129;100718;1425.400000000;1;9473316667;B
20240129;100719;1425.400000000;350;9473316782;B
20240129;100719;1425.400000000;49;9473316783;B
20240129;100722;1425.600000000;1;9473317320;B
20240129;100723;1425.600000000;1;9473317378;B
20240129;100723;1425.600000000;5;9473317429;B
20240129;100724;1425.600000000;13;9473317574;B
20240129;100726;1425.400000000;2;9473317905;S
20240129;100726;1425.200000000;4;9473318069;S
20240129;100727;1425.400000000;1;9473318189;B
20240129;100727;1425.600000000;1;9473318203;B
20240129;100728;1425.600000000;1;9473318256;B
20240129;100729;1425.600000000;1;9473318399;B
20240129;100729;1425.600000000;100;9473318451;B
20240129;100729;1425.400000000;5;9473318614;S
20240129;100729;1425.600000000;3;9473318616;B
20240129;100730;1425.200000000;1;9473318705;S
20240129;100730;1425.200000000;19;9473318706;S
20240129;100730;1425.000000000;5;9473318707;S
20240129;100730;1425.600000000;166;9473318786;B
20240129;100730;1425.600000000;161;9473318787;B
20240129;100731;1425.600000000;1;9473318991;B
20240129;100731;1425.600000000;99;9473318992;S
20240129;100731;1425.600000000;3;9473318993;S
20240129;100732;1425.600000000;1;9473319149;S
20240129;100734;1425.800000000;5;9473319394;B
20240129;100735;1425.800000000;2;9473319485;B
20240129;100735;1425.600000000;25;9473319641;S
20240129;100736;1425.600000000;2;9473319807;S
20240129;100736;1425.600000000;34;9473319808;S
20240129;100736;1425.400000000;1;9473319809;S
20240129;100736;1425.400000000;100;9473319810;S
20240129;100736;1425.400000000;25;9473319811;S
20240129;100736;1425.200000000;8;9473319812;S
20240129;100736;1425.200000000;20;9473319813;S
20240129;100736;1425.000000000;10;9473319814;S
20240129;100736;1425.000000000;1;9473319815;S
20240129;100736;1425.000000000;40;9473319816;S
20240129;100736;1425.000000000;59;9473319817;S
20240129;100737;1425.800000000;10;9473319993;B
20240129;100738;1425.800000000;25;9473320138;B
20240129;100739;1425.800000000;18;9473320305;B
20240129;100739;1425.800000000;42;9473320306;B
20240129;100739;1426.000000000;17;9473320307;B
20240129;100739;1426.000000000;10;9473320308;B
20240129;100739;1426.000000000;26;9473320309;B
20240129;100739;1426.000000000;1;9473320310;B
20240129;100739;1426.400000000;25;9473320311;B
20240129;100739;1426.400000000;70;9473320312;B
20240129;100739;1426.600000000;78;9473320313;B
20240129;100739;1426.600000000;10;9473320314;B
20240129;100739;1426.800000000;282;9473320315;B
20240129;100739;1426.800000000;198;9473320316;B
20240129;100739;1426.800000000;8;9473320317;B
20240129;100739;1427.000000000;216;9473320318;B
20240129;100740;1427.000000000;2;9473320332;B
20240129;100740;1427.000000000;20;9473320333;B
20240129;100740;1427.000000000;1;9473320348;S
20240129;100741;1427.400000000;25;9473320504;B
20240129;100741;1427.600000000;52;9473320505;S
20240129;100743;1426.600000000;2;9473320990;S
20240129;100743;1427.400000000;1;9473321102;B
20240129;100747;1426.600000000;24;9473321622;S
20240129;100747;1426.400000000;1;9473321623;S
20240129;100747;1426.400000000;1;9473321624;S
20240129;100747;1426.200000000;70;9473321625;S
20240129;100747;1426.000000000;4;9473321626;S
20240129;100747;1427.200000000;1;9473321670;B
20240129;100750;1427.200000000;2;9473322048;B
20240129;100752;1427.200000000;22;9473322381;B
20240129;100752;1427.200000000;25;9473322382;B
20240129;100752;1427.200000000;30;9473322383;B
20240129;100752;1427.600000000;16;9473322384;B
20240129;100752;1427.600000000;80;9473322385;B
20240129;100752;1427.600000000;27;9473322386;B
20240129;100753;1427.400000000;5;9473322603;B
20240129;100756;1427.200000000;6;9473323239;S
20240129;100756;1427.400000000;20;9473323292;B
20240129;100756;1427.600000000;6;9473323293;B
20240129;100758;1426.800000000;1;9473323515;S
20240129;100759;1426.400000000;1;9473323728;S
20240129;100759;1426.400000000;1;9473323729;S
20240129;100759;1426.400000000;1;9473323730;S
20240129;100759;1426.400000000;1;9473323739;S
20240129;100759;1426.400000000;1;9473323740;S
20240129;100800;1427.200000000;1;9473323998;B
20240129;100802;1427.200000000;19;9473324550;B
20240129;100802;1427.200000000;9;9473324551;S
20240129;100802;1427.200000000;1;9473324552;S
20240129;100804;1427.200000000;7;9473325040;S
20240129;100808;1427.400000000;1;9473326098;S
20240129;100811;1427.600000000;1;9473326591;B
20240129;100811;1427.600000000;1;9473326626;B
20240129;100812;1427.200000000;10;9473326804;S
20240129;100813;1427.200000000;1;9473327023;S
20240129;100814;1427.400000000;1;9473327088;B
20240129;100814;1427.400000000;9;9473327120;B
20240129;100815;1427.400000000;10;9473327372;B
20240129;100817;1427.400000000;3;9473327630;B
20240129;100819;1427.400000000;2;9473327962;B
20240129;100819;1427.400000000;18;9473327967;B
20240129;100820;1427.400000000;2;9473328079;B
20240129;100822;1427.400000000;70;9473328318;B
20240129;100822;1427.400000000;100;9473328501;B
20240129;100824;1427.200000000;1;9473328945;S
20240129;100825;1427.200000000;2;9473329065;S
20240129;100826;1427.400000000;1;9473329245;B
20240129;100828;1427.400000000;1;9473329725;B
20240129;100829;1427.400000000;9;9473329844;B
20240129;100830;1427.400000000;1;9473330070;B
20240129;100831;1427.400000000;3;9473330130;B
20240129;100832;1427.400000000;1;9473330654;B
20240129;100832;1427.400000000;58;9473330657;B
20240129;100834;1427.400000000;30;9473330918;B
20240129;100835;1427.400000000;1;9473330990;B
20240129;100835;1427.400000000;30;9473330991;B
20240129;100836;1427.400000000;32;9473331211;B
20240129;100836;1427.400000000;1;9473331297;B
20240129;100837;1427.200000000;1;9473331342;S
20240129;100837;1427.200000000;10;9473331408;S
20240129;100838;1427.400000000;10;9473331482;B
20240129;100838;1427.400000000;8;9473331506;B
20240129;100838;1427.200000000;1;9473331529;S
20240129;100840;1427.400000000;3;9473331877;B
20240129;100841;1427.400000000;1;9473332155;B
20240129;100841;1427.400000000;1;9473332209;B
20240129;100841;1427.400000000;15;9473332223;B
20240129;100844;1427.200000000;10;9473332639;S
20240129;100844;1427.200000000;1;9473332735;S
20240129;100845;1427.200000000;3;9473332864;S
20240129;100847;1427.400000000;1;9473333185;B
20240129;100848;1427.400000000;1;9473333439;B
20240129;100848;1427.400000000;1;9473333440;B
20240129;100850;1427.400000000;20;9473333625;B
20240129;100851;1427.200000000;44;9473333929;S
20240129;100851;1427.200000000;1;9473333930;S
20240129;100851;1427.200000000;7;9473333931;S
20240129;100851;1427.200000000;2;9473333932;S
20240129;100851;1427.200000000;16;9473333933;S
20240129;100851;1427.200000000;1;9473333934;S
20240129;100851;1427.200000000;4;9473333935;S
20240129;100854;1427.200000000;1;9473334631;B
20240129;100855;1427.000000000;3;9473334868;S
20240129;100856;1427.000000000;1;9473335028;S
20240129;100856;1427.000000000;6;9473335029;S
20240129;100856;1427.000000000;3;9473335030;S
20240129;100856;1426.600000000;26;9473335031;S
20240129;100856;1426.400000000;82;9473335032;S
20240129;100856;1426.200000000;25;9473335033;S
20240129;100856;1426.200000000;1;9473335034;S
20240129;100856;1426.000000000;7;9473335035;S
20240129;100856;1426.000000000;2;9473335036;S
20240129;100856;1426.000000000;1;9473335037;S
20240129;100856;1426.000000000;10;9473335038;S
20240129;100856;1426.000000000;57;9473335039;S
20240129;100856;1426.000000000;2;9473335040;S
20240129;100856;1425.800000000;27;9473335041;S
20240129;100856;1427.000000000;1;9473335060;B
20240129;100858;1426.600000000;11;9473335475;B
20240129;100901;1426.600000000;5;9473335961;B
20240129;100902;1426.600000000;1;9473336130;B
20240129;100903;1426.600000000;5;9473336262;B
20240129;100907;1426.600000000;3;9473337024;B
20240129;100907;1426.600000000;1;9473337044;B
20240129;100907;1426.600000000;1;9473337045;B
20240129;100908;1426.600000000;16;9473337189;B
20240129;100908;1426.600000000;7;9473337301;B
20240129;100908;1426.600000000;1;9473337327;S
20240129;100910;1427.000000000;3;9473337617;B
20240129;100910;1427.000000000;1;9473337646;B
20240129;100911;1426.600000000;2;9473337731;S
20240129;100915;1427.000000000;9;9473338362;B
20240129;100917;1427.000000000;1;9473338905;B
20240129;100919;1426.800000000;1;9473339264;B
20240129;100920;1426.800000000;1;9473339365;B
20240129;100922;1426.800000000;2;9473339735;B
20240129;100922;1426.600000000;20;9473339780;S
20240129;100922;1426.600000000;30;9473339781;S
20240129;100922;1426.600000000;18;9473339802;S
20240129;100922;1426.600000000;1;9473339803;S
20240129;100922;1426.600000000;1;9473339804;S
20240129;100922;1426.600000000;50;9473339805;S
20240129;100922;1426.600000000;3;9473339806;S
20240129;100922;1426.600000000;1;9473339807;S
20240129;100922;1426.600000000;26;9473339833;B
20240129;100922;1426.800000000;25;9473339834;B
20240129;100922;1427.000000000;12;9473339835;B
20240129;100922;1427.000000000;7;9473339836;B
20240129;100922;1427.000000000;30;9473339837;B
20240129;100923;1426.000000000;15;9473339985;S
20240129;100927;1426.800000000;16;9473340835;B
20240129;100928;1426.600000000;1;9473340987;S
20240129;100928;1426.000000000;6;9473340988;S
20240129;100930;1426.600000000;5;9473341275;B
20240129;100932;1426.600000000;10;9473341617;B
20240129;100932;1426.600000000;36;9473341618;B
20240129;100934;1426.600000000;2;9473342022;B
20240129;100936;1426.000000000;1;9473342308;S
20240129;100937;1426.600000000;1;9473342394;B
20240129;100938;1426.600000000;1;9473342588;B
20240129;100940;1426.600000000;8;9473342861;B
20240129;100941;1426.600000000;19;9473342975;B
20240129;100943;1426.600000000;1;9473343211;B
20240129;100944;1426.600000000;10;9473343578;B
20240129;100945;1426.600000000;1;9473343686;B
20240129;100948;1426.200000000;1;9473344309;S
20240129;100948;1426.200000000;30;9473344310;S
20240129;100948;1426.000000000;1;9473344311;S
20240129;100948;1426.000000000;82;9473344312;S
20240129;100948;1426.000000000;100;9473344313;S
20240129;100948;1426.000000000;1;9473344314;S
20240129;100948;1426.000000000;7;9473344315;S
20240129;100949;1426.600000000;2;9473344433;B
20240129;100952;1426.600000000;3;9473344894;B
20240129;100953;1426.600000000;2;9473345057;B
20240129;100954;1426.600000000;1;9473345278;B
20240129;100955;1426.600000000;2;9473345404;B
20240129;100958;1426.600000000;3;9473345692;B
20240129;101000;1426.600000000;8;9473345943;B
20240129;101001;1426.800000000;1;9473346138;B
20240129;101002;1426.800000000;5;9473346369;B
20240129;101002;1426.800000000;10;9473346370;B
20240129;101002;1427.000000000;70;9473346371;B
20240129;101002;1427.000000000;65;9473346372;B
20240129;101002;1427.000000000;1;9473346439;B
20240129;101005;1427.000000000;4;9473347155;B
20240129;101005;1427.000000000;17;9473347156;B
20240129;101007;1427.000000000;2;9473347523;B
20240129;101007;1426.800000000;28;9473347633;S
20240129;101007;1426.600000000;22;9473347634;S
20240129;101008;1427.000000000;16;9473347784;B
20240129;101008;1427.000000000;25;9473347785;B
20240129;101008;1427.000000000;8;9473347786;B
20240129;101012;1427.200000000;2;9473348576;B
20240129;101013;1426.800000000;1;9473348732;S
20240129;101013;1426.600000000;2;9473348733;S
20240129;101014;1427.000000000;3;9473348807;B
20240129;101014;1427.000000000;9;9473348859;B
20240129;101015;1427.000000000;1;9473349011;B
20240129;101016;1427.000000000;2;9473349194;B
20240129;101016;1426.800000000;17;9473349226;S
20240129;101017;1427.000000000;1;9473349435;B
20240129;101017;1426.800000000;2;9473349503;S
20240129;101019;1426.800000000;1;9473349878;B
20240129;101020;1426.800000000;4;9473350044;B
20240129;101024;1426.800000000;30;9473350658;B
20240129;101026;1426.800000000;1;9473350992;B
20240129;101028;1426.800000000;10;9473351300;B
20240129;101029;1426.600000000;1;9473351573;S
20240129;101029;1426.800000000;52;9473351598;B
20240129;101029;1427.000000000;4;9473351599;B
20240129;101030;1426.600000000;1;9473351733;S
20240129;101031;1427.000000000;1;9473351915;B
20240129;101034;1426.800000000;1;9473352314;S
20240129;101036;1427.000000000;1;9473352693;B
20240129;101036;1426.800000000;1;9473352713;S
20240129;101036;1426.600000000;19;9473352714;S
20240129;101036;1427.000000000;3;9473352889;B
20240129;101036;1427.000000000;7;9473352890;B
20240129;101037;1427.000000000;1;9473353222;B
20240129;101038;1427.000000000;1;9473353377;B
20240129;101040;1427.000000000;1;9473353703;B
20240129;101044;1426.800000000;1;9473354172;S
20240129;101044;1427.000000000;2;9473354221;B
20240129;101044;1427.000000000;3;9473354233;B
20240129;101044;1426.800000000;8;9473354281;S
20240129;101044;1426.600000000;47;9473354282;S
20240129;101044;1426.600000000;10;9473354283;S
20240129;101044;1426.600000000;1;9473354284;S
20240129;101044;1426.600000000;1;9473354285;S
20240129;101044;1426.400000000;26;9473354286;S
20240129;101044;1426.200000000;33;9473354287;S
20240129;101044;1426.200000000;50;9473354288;S
20240129;101044;1426.000000000;273;9473354289;S
20240129;101044;1426.000000000;1;9473354290;S
20240129;101044;1426.000000000;1;9473354291;S
20240129;101044;1426.000000000;24;9473354292;S
20240129;101045;1426.200000000;4;9473354407;S
20240129;101045;1426.800000000;1;9473354472;B
20240129;101048;1426.800000000;13;9473354860;B
20240129;101048;1426.200000000;6;9473354984;S
20240129;101048;1426.000000000;4;9473354985;S
20240129;101051;1426.800000000;11;9473355387;B
20240129;101051;1426.800000000;26;9473355388;B
20240129;101051;1427.000000000;66;9473355389;B
20240129;101051;1427.000000000;6;9473355390;B
20240129;101051;1427.000000000;1;9473355391;B
20240129;101051;1427.000000000;2;9473355392;B
20240129;101051;1427.000000000;58;9473355393;B
20240129;101051;1426.800000000;1;9473355516;B
20240129;101051;1426.800000000;1;9473355520;B
20240129;101052;1426.800000000;3;9473355638;B
20240129;101053;1426.800000000;1;9473355745;B
20240129;101054;1426.800000000;3;9473355980;B
20240129;101057;1426.800000000;10;9473356501;B
20240129;101058;1426.800000000;6;9473356658;B
20240129;101058;1427.000000000;7;9473356659;B
20240129;101100;1426.600000000;1;9473356931;S
20240129;101100;1426.600000000;7;9473356932;S
20240129;101101;1426.800000000;1;9473357101;B
20240129;101103;1426.800000000;9;9473357429;B
20240129;101103;1426.800000000;11;9473357509;B
20240129;101104;1426.800000000;3;9473357619;B
20240129;101104;1426.600000000;5;9473357670;S
20240129;101104;1426.800000000;1;9473357768;B
20240129;101104;1427.000000000;4;9473357769;B
20240129;101106;1427.000000000;2;9473358222;B
20240129;101106;1427.000000000;2;9473358267;B
20240129;101107;1427.000000000;1;9473358506;B
20240129;101112;1427.000000000;1;9473359657;B
20240129;101115;1427.000000000;1;9473360228;B
20240129;101116;1427.000000000;1;9473360306;B
20240129;101118;1427.000000000;12;9473360559;B
20240129;101119;1426.800000000;1;9473360893;S
20240129;101119;1426.600000000;2;9473360894;S
20240129;101119;1426.600000000;3;9473360895;S
20240129;101119;1426.600000000;18;9473360896;S
20240129;101120;1427.000000000;2;9473360920;B
20240129;101122;1426.800000000;3;9473361397;B
20240129;101123;1426.800000000;1;9473361427;B
20240129;101124;1426.800000000;1;9473361653;B
20240129;101126;1426.600000000;12;9473361924;S
20240129;101126;1426.800000000;1;9473361931;B
20240129;101127;1427.000000000;1;9473362041;B
20240129;101130;1426.800000000;1;9473362412;S
20240129;101130;1426.600000000;1;9473362413;S
20240129;101136;1426.600000000;10;9473363361;S
20240129;101139;1427.000000000;2;9473363799;B
20240129;101140;1427.000000000;13;9473363934;B
20240129;101151;1427.000000000;11;9473365349;B
20240129;101151;1427.000000000;10;9473365350;B
20240129;101151;1427.000000000;1;9473365390;B
20240129;101152;1426.800000000;22;9473365622;S
20240129;101152;1426.600000000;6;9473365623;S
20240129;101152;1426.600000000;1;9473365624;S
20240129;101152;1426.600000000;3;9473365625;S
20240129;101152;1426.600000000;1;9473365626;S
20240129;101152;1426.600000000;37;9473365627;S
20240129;101154;1426.800000000;20;9473365881;B
20240129;101154;1426.800000000;4;9473365997;B
20240129;101156;1427.000000000;4;9473366274;B
20240129;101156;1427.000000000;3;9473366275;B
20240129;101158;1427.000000000;1;9473366732;B
20240129;101159;1427.000000000;19;9473366809;B
20240129;101159;1426.800000000;4;9473366813;S
20240129;101200;1427.000000000;1;9473366904;B
20240129;101200;1427.000000000;2;9473367045;B
20240129;101201;1427.000000000;10;9473367154;B
20240129;101204;1427.000000000;7;9473367810;B
20240129;101206;1427.000000000;1;9473368107;B
20240129;101206;1427.000000000;2;9473368131;B
20240129;101207;1427.000000000;2;9473368306;B
20240129;101208;1427.000000000;127;9473368435;B
20240129;101208;1427.000000000;10;9473368436;B
20240129;101208;1427.000000000;10;9473368437;B
20240129;101208;1427.000000000;25;9473368438;B
20240129;101208;1427.000000000;10;9473368439;B
20240129;101208;1427.000000000;10;9473368440;B
20240129;101208;1427.200000000;22;9473368441;B
20240129;101208;1427.200000000;60;9473368442;B
20240129;101208;1427.200000000;6;9473368443;B
20240129;101209;1427.200000000;1;9473368952;B
20240129;101209;1427.200000000;26;9473369038;B
20240129;101210;1427.200000000;1;9473369096;B
20240129;101212;1427.200000000;5;9473369700;B
20240129;101213;1427.200000000;1;9473369998;B
20240129;101213;1427.000000000;1;9473370115;S
20240129;101216;1427.200000000;1;9473370494;B
20240129;101217;1427.200000000;50;9473370685;B
20240129;101218;1427.200000000;2;9473370741;B
20240129;101218;1427.000000000;1;9473370765;S
20240129;101220;1427.200000000;5;9473371076;B
20240129;101221;1427.200000000;1;9473371255;B
20240129;101221;1427.200000000;1;9473371286;B
20240129;101222;1427.000000000;4;9473371354;S
20240129;101222;1426.800000000;1;9473371355;S
20240129;101222;1426.800000000;4;9473371356;S
20240129;101222;1426.800000000;4;9473371357;S
20240129;101222;1426.800000000;9;9473371358;S
20240129;101222;1426.800000000;9;9473371359;S
20240129;101222;1426.600000000;1;9473371360;S
20240129;101222;1426.600000000;5;9473371361;S
20240129;101222;1426.600000000;20;9473371362;S
20240129;101222;1427.000000000;50;9473371410;B
20240129;101225;1427.000000000;1;9473371902;B
20240129;101226;1427.000000000;10;9473372079;B
20240129;101227;1427.000000000;17;9473372103;B
20240129;101227;1427.000000000;3;9473372104;B
20240129;101228;1427.000000000;3;9473372353;B
20240129;101231;1426.800000000;6;9473372956;S
20240129;101232;1426.800000000;1;9473373199;S
20240129;101234;1427.200000000;5;9473373644;B
20240129;101236;1426.600000000;10;9473373799;S
20240129;101238;1427.000000000;1;9473374073;B
20240129;101238;1427.000000000;36;9473374085;B
20240129;101238;1427.200000000;214;9473374086;B
20240129;101240;1427.200000000;1;9473374478;B
20240129;101244;1427.200000000;1;9473375110;B
20240129;101245;1427.200000000;1;9473375444;B
20240129;101246;1427.200000000;1;9473375458;B
20240129;101246;1427.200000000;50;9473375477;B
20240129;101247;1427.000000000;5;9473375676;S
20240129;101248;1427.000000000;1;9473375770;B
20240129;101251;1427.000000000;1;9473376205;B
20240129;101251;1427.000000000;1;9473376244;B
20240129;101252;1427.000000000;22;9473376470;B
20240129;101252;1427.000000000;2;9473376471;B
20240129;101253;1427.200000000;5;9473376678;B
20240129;101254;1427.200000000;6;9473376693;B
20240129;101254;1427.200000000;25;9473376807;B
20240129;101255;1427.200000000;5;9473376982;B
20240129;101255;1427.200000000;1;9473377013;B
20240129;101256;1427.000000000;2;9473377121;S
20240129;101259;1427.200000000;1;9473377600;B
20240129;101303;1427.200000000;70;9473378595;B
20240129;101306;1427.200000000;5;9473379017;B
20240129;101307;1427.200000000;1;9473379207;B
20240129;101307;1427.200000000;5;9473379208;B
20240129;101307;1427.200000000;1;9473379335;B
20240129;101308;1427.200000000;1;9473379617;B
20240129;101309;1427.000000000;1;9473379728;S
20240129;101309;1427.200000000;35;9473379740;B
20240129;101309;1427.200000000;1;9473379743;B
20240129;101310;1427.200000000;345;9473379894;B
20240129;101310;1427.200000000;1;9473379895;B
20240129;101310;1427.200000000;11;9473379896;B
20240129;101310;1427.200000000;10;9473379897;B
20240129;101310;1427.200000000;380;9473379898;B
20240129;101310;1427.200000000;3;9473379899;B
20240129;101310;1427.200000000;1;9473380021;B
20240129;101312;1427.000000000;1;9473380493;S
20240129;101312;1427.200000000;1;9473380501;B
20240129;101313;1427.200000000;1;9473380729;B
20240129;101314;1427.200000000;50;9473380992;S
20240129;101315;1427.400000000;3;9473381241;B
20240129;101316;1427.400000000;2;9473381377;B
20240129;101317;1427.200000000;15;9473381633;S
20240129;101317;1427.400000000;5;9473381726;B
20240129;101318;1427.400000000;1;9473381972;B
20240129;101321;1427.200000000;1;9473382451;S
20240129;101321;1427.400000000;10;9473382491;B
20240129;101330;1427.400000000;10;9473384061;B
20240129;101330;1427.400000000;1;9473384119;B
20240129;101331;1427.400000000;1;9473384267;B
20240129;101332;1427.400000000;23;9473384392;B
20240129;101332;1427.400000000;4;9473384393;B
20240129;101332;1427.400000000;2;9473384394;B
20240129;101332;1427.400000000;71;9473384395;B
20240129;101334;1427.400000000;1;9473384744;B
20240129;101335;1427.400000000;8;9473384845;B
20240129;101335;1427.400000000;6;9473384907;B
20240129;101335;1427.200000000;9;9473384914;S
20240129;101335;1427.200000000;1;9473384915;S
20240129;101335;1427.200000000;5;9473384916;S
20240129;101335;1427.200000000;85;9473384917;S
20240129;101335;1427.400000000;14;9473384958;B
20240129;101335;1427.400000000;10;9473384959;B
20240129;101335;1427.400000000;76;9473384960;B
20240129;101336;1427.400000000;204;9473384984;B
20240129;101337;1427.400000000;1;9473385256;B
20240129;101339;1427.400000000;1;9473385460;B
20240129;101339;1427.400000000;218;9473385523;B
20240129;101339;1427.400000000;25;9473385524;B
20240129;101339;1427.400000000;10;9473385525;B
20240129;101339;1427.400000000;10;9473385526;B
20240129;101339;1427.600000000;47;9473385527;B
20240129;101339;1427.600000000;2;9473385556;B
20240129;101339;1427.200000000;1;9473385560;S
20240129;101340;1427.600000000;7;9473385663;B
20240129;101341;1427.600000000;1;9473385835;B
20240129;101341;1427.600000000;1;9473385874;B
20240129;101342;1427.600000000;15;9473385978;B
20240129;101342;1427.600000000;1;9473386014;B
20240129;101345;1427.200000000;2;9473386512;S
20240129;101345;1427.600000000;2;9473386705;B
20240129;101346;1427.600000000;1;9473386803;B
20240129;101347;1427.600000000;1;9473386976;B
20240129;101347;1427.400000000;1;9473387176;S
20240129;101349;1427.600000000;1;9473387347;B
20240129;101349;1427.400000000;1;9473387407;S
20240129;101349;1427.400000000;59;9473387408;S
20240129;101349;1427.400000000;1;9473387416;S
20240129;101351;1427.600000000;5;9473387693;B
20240129;101351;1427.600000000;3;9473387768;B
20240129;101351;1427.600000000;1;9473387782;B
20240129;101352;1427.600000000;15;9473387872;B
20240129;101352;1427.600000000;50;9473387874;B
20240129;101352;1427.600000000;50;9473387948;B
20240129;101354;1427.400000000;57;9473388183;S
20240129;101354;1427.400000000;1;9473388184;S
20240129;101354;1427.400000000;2;9473388185;S
20240129;101354;1427.400000000;5;9473388186;S
20240129;101354;1427.200000000;2;9473388187;S
20240129;101354;1427.200000000;33;9473388188;S
20240129;101354;1427.600000000;4;9473388279;B
20240129;101354;1427.400000000;7;9473388286;S
20240129;101356;1427.600000000;1;9473388647;B
20240129;101358;1427.600000000;2;9473389569;B
20240129;101359;1427.600000000;1;9473389736;B
20240129;101400;1427.400000000;14;9473389847;S
20240129;101400;1427.400000000;8;9473389915;S
20240129;101400;1427.400000000;2;9473389916;S
20240129;101401;1427.400000000;10;9473390163;S
20240129;101402;1427.600000000;1;9473390293;B
20240129;101403;1427.400000000;33;9473390338;S
20240129;101404;1427.600000000;2;9473390452;B
20240129;101404;1427.400000000;1;9473390488;S
20240129;101404;1427.600000000;1;9473390514;B
20240129;101404;1427.600000000;1;9473390673;B
20240129;101405;1427.600000000;6;9473390792;B
20240129;101406;1427.600000000;1;9473390889;B
20240129;101407;1427.400000000;1;9473391132;S
20240129;101408;1427.600000000;3;9473391365;B
20240129;101409;1427.600000000;3;9473391396;B
20240129;101409;1427.600000000;1;9473391433;B
20240129;101410;1427.600000000;4;9473391559;B
20240129;101411;1427.600000000;8;9473391735;B
20240129;101411;1427.600000000;9;9473391796;B
20240129;101413;1427.400000000;4;9473392032;S
20240129;101414;1427.400000000;11;9473392118;S
20240129;101415;1427.400000000;38;9473392257;S
20240129;101415;1427.400000000;4;9473392258;S
20240129;101415;1427.400000000;1;9473392259;S
20240129;101415;1427.400000000;10;9473392260;S
20240129;101415;1427.400000000;14;9473392261;S
20240129;101415;1427.400000000;4;9473392262;S
20240129;101415;1427.400000000;2;9473392263;S
20240129;101415;1427.400000000;2;9473392264;S
20240129;101415;1427.200000000;25;9473392265;S
20240129;101417;1427.400000000;4;9473392646;S
20240129;101418;1427.600000000;5;9473392749;B
20240129;101419;1427.600000000;4;9473392845;B
20240129;101421;1427.400000000;3;9473393088;S
20240129;101421;1427.200000000;5;9473393089;S
20240129;101424;1427.600000000;5;9473393478;B
20240129;101424;1427.600000000;3;9473393506;B
20240129;101426;1427.600000000;3;9473393748;B
20240129;101426;1427.600000000;1;9473393842;B
20240129;101431;1427.600000000;15;9473394600;B
20240129;101431;1427.600000000;3;9473394707;B
20240129;101434;1427.600000000;1;9473395103;B
20240129;101434;1427.600000000;2;9473395120;B
20240129;101435;1427.600000000;26;9473395322;B
20240129;101436;1427.600000000;2;9473395385;B
20240129;101436;1427.400000000;3;9473395456;S
20240129;101437;1427.600000000;1;9473395546;B
20240129;101439;1427.600000000;2;9473395940;B
20240129;101439;1427.600000000;1;9473395941;B
20240129;101440;1427.600000000;6;9473396005;B
20240129;101440;1427.400000000;1;9473396058;S
20240129;101440;1427.400000000;1;9473396059;S
20240129;101440;1427.400000000;1;9473396060;S
20240129;101440;1427.200000000;17;9473396061;S
20240129;101441;1427.400000000;2;9473396116;S
20240129;101441;1427.600000000;2;9473396203;B
20240129;101441;1427.600000000;100;9473396237;B
20240129;101442;1427.400000000;1;9473396271;S
20240129;101442;1427.200000000;100;9473396286;S
20240129;101442;1427.200000000;5;9473396333;S
20240129;101442;1427.200000000;50;9473396334;S
20240129;101442;1427.200000000;10;9473396335;S
20240129;101442;1427.200000000;1;9473396336;S
20240129;101442;1427.200000000;4;9473396337;S
20240129;101442;1427.200000000;1;9473396338;S
20240129;101442;1427.000000000;9;9473396339;S
20240129;101442;1427.000000000;50;9473396340;S
20240129;101442;1427.000000000;6;9473396341;S
20240129;101442;1427.000000000;6;9473396342;S
20240129;101443;1427.200000000;100;9473396422;B
20240129;101443;1427.200000000;20;9473396442;B
20240129;101443;1427.200000000;1;9473396451;B
20240129;101444;1427.200000000;1;9473396535;B
20240129;101445;1427.200000000;5;9473396699;B
20240129;101446;1427.200000000;2;9473396796;B
20240129;101446;1427.200000000;1;9473396828;B
20240129;101450;1427.000000000;1;9473397242;S
20240129;101450;1427.200000000;50;9473397335;B
20240129;101450;1427.400000000;50;9473397336;B
20240129;101451;1427.000000000;1;9473397412;S
20240129;101453;1427.200000000;30;9473397644;B
20240129;101453;1427.400000000;50;9473397645;B
20240129;101454;1427.200000000;1;9473397747;B
20240129;101457;1427.200000000;6;9473398033;B
20240129;101457;1427.000000000;1;9473398072;S
20240129;101458;1427.200000000;8;9473398341;B
20240129;101459;1427.200000000;1;9473398480;B
20240129;101500;1427.200000000;2;9473398536;B
20240129;101500;1427.200000000;17;9473398581;B
20240129;101500;1427.200000000;11;9473398582;B
20240129;101500;1427.200000000;7;9473398583;B
20240129;101503;1427.000000000;1;9473399066;S
20240129;101503;1427.200000000;1;9473399116;B
20240129;101505;1427.000000000;1;9473399437;S
20240129;101505;1427.200000000;1;9473399467;B
20240129;101506;1427.200000000;2;9473399630;B
20240129;101507;1427.200000000;1;9473399874;B
20240129;101509;1427.200000000;1;9473400081;B
20240129;101509;1427.400000000;9;9473400082;B
20240129;101514;1427.400000000;1;9473400675;B
20240129;101514;1427.400000000;1;9473400742;B
20240129;101514;1427.400000000;108;9473400765;B
20240129;101514;1427.400000000;1;9473400808;B
20240129;101514;1427.400000000;1;9473400810;B
20240129;101514;1427.400000000;2;9473400813;B
20240129;101515;1427.400000000;8;9473400941;B
20240129;101516;1427.400000000;2;9473401167;B
20240129;101517;1427.400000000;18;9473401316;B
20240129;101518;1427.400000000;3;9473401510;B
20240129;101518;1427.400000000;2;9473401566;B
20240129;101522;1427.400000000;1;9473402256;B
20240129;101525;1427.400000000;1;9473402778;B
20240129;101531;1427.400000000;5;9473403767;B
20240129;101531;1427.400000000;8;9473403854;B
20240129;101531;1427.400000000;100;9473403858;B
20240129;101532;1427.400000000;1;9473403952;B
20240129;101533;1427.200000000;1;9473404198;S
20240129;101533;1427.200000000;9;9473404199;S
20240129;101536;1427.400000000;10;9473404620;B
20240129;101536;1427.400000000;1;9473404689;B
20240129;101536;1427.400000000;1;9473404724;B
20240129;101537;1427.400000000;1;9473404805;B
20240129;101538;1427.400000000;1;9473404925;B
20240129;101538;1427.400000000;1;9473404937;B
20240129;101538;1427.400000000;2;9473404969;B
20240129;101539;1427.200000000;101;9473405161;S
20240129;101539;1427.400000000;9;9473405197;B
20240129;101540;1427.400000000;1;9473405333;B
20240129;101541;1427.200000000;1;9473405402;S
20240129;101541;1427.400000000;1;9473405429;B
20240129;101541;1427.400000000;30;9473405460;B
20240129;101541;1427.400000000;35;9473405491;B
20240129;101542;1427.400000000;1;9473405691;B
20240129;101546;1427.200000000;1;9473406266;S
20240129;101547;1427.200000000;3;9473406536;S
20240129;101550;1427.400000000;25;9473407223;B
20240129;101551;1427.400000000;1;9473407326;B
20240129;101551;1427.400000000;2;9473407415;B
20240129;101552;1427.400000000;5;9473407590;B
20240129;101552;1427.200000000;1;9473407592;S
20240129;101552;1427.400000000;7;9473407685;B
20240129;101553;1427.400000000;4;9473407704;B
20240129;101555;1427.400000000;85;9473408261;B
20240129;101555;1427.400000000;1;9473408294;B
20240129;101556;1427.400000000;50;9473408340;B
20240129;101556;1427.400000000;5;9473408474;B
20240129;101557;1427.200000000;1;9473408516;S
20240129;101600;1427.400000000;4;9473409169;B
20240129;101600;1427.400000000;1;9473409272;B
20240129;101600;1427.400000000;74;9473409393;B
20240129;101600;1427.400000000;1;9473409394;B
20240129;101600;1427.600000000;79;9473409395;B
20240129;101601;1427.400000000;20;9473409560;S
20240129;101601;1427.600000000;2;9473409693;B
20240129;101605;1427.600000000;175;9473410606;B
20240129;101606;1427.600000000;13;9473410800;B
20240129;101607;1427.600000000;8;9473410970;B
20240129;101608;1427.600000000;1;9473411221;B
20240129;101608;1427.400000000;1;9473411289;S
20240129;101609;1427.600000000;4;9473411547;B
20240129;101611;1427.600000000;20;9473412004;B
20240129;101611;1427.600000000;50;9473412073;B
20240129;101611;1427.600000000;10;9473412114;B
20240129;101613;1427.400000000;1;9473412412;S
20240129;101616;1427.600000000;17;9473412892;B
20240129;101616;1427.600000000;6;9473412920;B
20240129;101617;1427.600000000;1;9473413150;B
20240129;101620;1427.600000000;1;9473413679;B
20240129;101621;1427.600000000;2;9473413806;B
20240129;101621;1427.600000000;2;9473413910;B
20240129;101622;1427.600000000;6;9473413962;B
20240129;101622;1427.600000000;2;9473414011;B
20240129;101626;1427.400000000;5;9473414835;S
20240129;101627;1427.400000000;53;9473415181;S
20240129;101628;1427.400000000;1;9473415375;S
20240129;101629;1427.600000000;1;9473415487;B
20240129;101629;1427.600000000;10;9473415498;B
20240129;101629;1427.400000000;30;9473415587;S
20240129;101629;1427.400000000;1;9473415597;S
20240129;101630;1427.600000000;1;9473415873;B
20240129;101631;1427.600000000;1;9473415935;B
20240129;101631;1427.600000000;2;9473416045;B
20240129;101631;1427.600000000;50;9473416096;B
20240129;101632;1427.600000000;7;9473416128;B
20240129;101634;1427.600000000;1;9473416623;B
20240129;101634;1427.600000000;1;9473416629;B
20240129;101635;1427.600000000;3;9473416723;B
20240129;101636;1427.600000000;1;9473416969;B
20240129;101637;1427.400000000;2;9473417147;S
20240129;101639;1427.600000000;1;9473417720;B
20240129;101640;1427.600000000;4;9473417787;B
20240129;101642;1427.400000000;1;9473418142;S
20240129;101645;1427.400000000;11;9473418719;S
20240129;101645;1427.600000000;1;9473418886;B
20240129;101646;1427.600000000;1;9473418900;B
20240129;101646;1427.600000000;1;9473418917;B
20240129;101646;1427.600000000;5;9473418970;B
20240129;101647;1427.600000000;100;9473419141;B
20240129;101647;1427.600000000;1;9473419175;B
20240129;101648;1427.400000000;5;9473419368;S
20240129;101649;1427.600000000;5;9473419482;B
20240129;101651;1427.600000000;3;9473419851;B
20240129;101652;1427.600000000;4;9473420039;B
20240129;101653;1427.600000000;150;9473420287;B
20240129;101653;1427.600000000;1;9473420340;B
20240129;101655;1427.600000000;1;9473420618;B
20240129;101655;1427.600000000;5;9473420687;B
20240129;101656;1427.400000000;1;9473420810;S
20240129;101657;1427.600000000;3;9473421096;B
20240129;101658;1427.600000000;1;9473421385;B
20240129;101658;1427.600000000;3;9473421409;B
20240129;101701;1427.600000000;10;9473421889;B
20240129;101703;1427.600000000;1;9473422256;B
20240129;101703;1427.600000000;2;9473422328;B
20240129;101704;1427.400000000;1;9473422429;S
20240129;101706;1427.400000000;11;9473422872;S
20240129;101706;1427.400000000;56;9473423000;S
20240129;101706;1427.400000000;44;9473423001;S
20240129;101707;1427.600000000;1;9473423073;B
20240129;101707;1427.400000000;3;9473423177;S
20240129;101707;1427.600000000;1;9473423209;B
20240129;101708;1427.600000000;18;9473423434;B
20240129;101709;1427.400000000;1;9473423576;S
20240129;101709;1427.600000000;1;9473423598;B
20240129;101710;1427.400000000;7;9473423747;S
20240129;101710;1427.400000000;3;9473423748;S
20240129;101712;1427.600000000;49;9473424222;B
20240129;101716;1427.600000000;2207;9473424928;B
20240129;101716;1427.600000000;2;9473424929;B
20240129;101716;1427.600000000;25;9473424930;B
20240129;101716;1427.600000000;20;9473424931;B
20240129;101716;1427.600000000;1;9473424932;B
20240129;101716;1427.600000000;70;9473424933;B
20240129;101716;1427.600000000;20;9473424934;B
20240129;101716;1428.000000000;20;9473424935;B
20240129;101716;1428.000000000;16;9473424936;B
20240129;101716;1428.000000000;17;9473424937;B
20240129;101716;1428.000000000;12;9473424938;B
20240129;101716;1428.000000000;4;9473424939;B
20240129;101716;1428.000000000;7;9473424940;B
20240129;101716;1428.000000000;10;9473424941;B
20240129;101716;1428.000000000;1;9473424942;B
20240129;101716;1427.800000000;70;9473424954;S
20240129;101716;1427.600000000;30;9473424955;S
20240129;101716;1428.200000000;1;9473424959;B
20240129;101717;1427.600000000;5;9473425159;S
20240129;101718;1427.600000000;74;9473425354;S
20240129;101723;1428.000000000;1;9473426546;B
20240129;101723;1428.200000000;2;9473426547;B
20240129;101729;1428.000000000;3;9473427819;S
20240129;101731;1428.200000000;72;9473428244;B
20240129;101731;1428.200000000;28;9473428245;B
20240129;101731;1428.000000000;3;9473428308;S
20240129;101732;1428.200000000;1;9473428469;B
20240129;101735;1428.200000000;21;9473429038;B
20240129;101735;1428.400000000;79;9473429039;B
20240129;101737;1428.400000000;1;9473429482;B
20240129;101738;1428.400000000;10;9473429629;B
20240129;101739;1428.400000000;1;9473429950;B
20240129;101742;1428.200000000;9;9473430471;S
20240129;101742;1428.200000000;4;9473430488;S
20240129;101743;1428.200000000;2;9473430608;S
20240129;101743;1428.200000000;41;9473430609;S
20240129;101743;1428.200000000;57;9473430610;S
20240129;101743;1428.200000000;6;9473430684;S
20240129;101744;1428.400000000;2;9473430778;B
20240129;101744;1428.400000000;14;9473430811;B
20240129;101746;1428.400000000;3;9473431126;B
20240129;101746;1428.400000000;15;9473431166;B
20240129;101746;1428.400000000;5;9473431203;B
20240129;101747;1428.400000000;1;9473431238;B
20240129;101751;1428.400000000;10;9473432384;B
20240129;101752;1428.400000000;1;9473432516;B
20240129;101753;1428.200000000;1;9473432587;S
20240129;101754;1428.200000000;2;9473432831;S
20240129;101755;1428.400000000;2;9473432877;B
20240129;101755;1428.200000000;1;9473432948;S
20240129;101757;1428.200000000;1;9473433273;S
20240129;101757;1428.200000000;1;9473433433;S
20240129;101758;1428.400000000;2;9473433541;B
20240129;101759;1428.400000000;1;9473433913;B
20240129;101800;1428.400000000;1;9473434128;B
20240129;101800;1428.400000000;3;9473434139;B
20240129;101802;1428.200000000;25;9473434460;S
20240129;101802;1428.400000000;1;9473434529;B
20240129;101803;1428.400000000;4;9473434723;B
20240129;101806;1428.400000000;3;9473435296;B
20240129;101808;1428.400000000;1;9473435650;B
20240129;101809;1428.400000000;4;9473435945;B
20240129;101810;1428.200000000;6;9473436009;S
20240129;101810;1428.200000000;12;9473436010;S
20240129;101811;1428.400000000;1;9473436219;B
20240129;101813;1428.400000000;1;9473436605;B
20240129;101814;1428.400000000;2;9473436742;B
20240129;101815;1428.200000000;4;9473436967;S
20240129;101816;1428.200000000;1;9473437071;S
20240129;101817;1428.400000000;6;9473437246;B
20240129;101817;1428.400000000;10;9473437293;B
20240129;101817;1428.200000000;4;9473437296;S
20240129;101820;1428.400000000;2;9473437786;B
20240129;101820;1428.400000000;1;9473437803;B
20240129;101820;1428.400000000;1;9473437816;B
20240129;101821;1428.400000000;10;9473437950;B
20240129;101822;1428.400000000;2;9473438133;B
20240129;101822;1428.400000000;9;9473438134;B
20240129;101823;1428.200000000;1;9473438339;S
20240129;101824;1428.400000000;11;9473438414;B
20240129;101825;1428.200000000;24;9473438860;S
20240129;101826;1428.400000000;10;9473439073;B
20240129;101827;1428.400000000;1;9473439217;B
20240129;101828;1428.400000000;1;9473439327;B
20240129;101828;1428.400000000;2;9473439334;B
20240129;101828;1428.400000000;1;9473439365;B
20240129;101830;1428.200000000;15;9473439729;S
20240129;101830;1428.200000000;1;9473439743;S
20240129;101832;1428.200000000;35;9473439979;S
20240129;101834;1428.400000000;2;9473440159;B
20240129;101834;1428.400000000;5;9473440160;B
20240129;101834;1428.400000000;7;9473440161;B
20240129;101835;1428.400000000;30;9473440293;S
20240129;101835;1428.600000000;1;9473440432;B
20240129;101837;1428.600000000;7;9473440614;B
20240129;101837;1428.600000000;21;9473440655;B
20240129;101846;1428.400000000;2;9473442329;S
20240129;101846;1428.400000000;5;9473442330;S
20240129;101846;1428.400000000;4;9473442331;S
20240129;101846;1428.200000000;19;9473442332;S
20240129;101849;1428.200000000;1;9473442810;S
20240129;101849;1428.600000000;10;9473442846;B
20240129;101851;1428.600000000;1;9473443257;B
20240129;101852;1428.600000000;7;9473443497;B
20240129;101852;1428.200000000;3;9473443573;S
20240129;101852;1428.200000000;10;9473443574;S
20240129;101852;1428.200000000;2;9473443575;S
20240129;101852;1428.200000000;1;9473443576;S
20240129;101852;1428.200000000;25;9473443577;S
20240129;101852;1428.200000000;1;9473443578;S
20240129;101853;1428.600000000;11;9473443811;B
20240129;101857;1428.400000000;1;9473444349;S
20240129;101857;1428.200000000;49;9473444350;S
20240129;101857;1428.600000000;43;9473444400;B
20240129;101857;1428.600000000;6;9473444401;B
20240129;101900;1428.600000000;1;9473444852;B
20240129;101900;1428.600000000;2;9473444858;B
20240129;101900;1428.600000000;4;9473444867;B
20240129;101903;1428.400000000;14;9473445505;B
20240129;101903;1428.400000000;40;9473445532;B
20240129;101903;1428.200000000;1;9473445624;S
20240129;101903;1428.400000000;1;9473445631;B
20240129;101903;1428.400000000;2;9473445642;B
20240129;101905;1428.400000000;8;9473446095;B
20240129;101906;1428.200000000;1;9473446169;S
20240129;101906;1428.400000000;2;9473446198;B
20240129;101906;1428.400000000;5;9473446202;B
20240129;101907;1428.400000000;3;9473446359;B
20240129;101908;1428.400000000;1;9473446781;B
20240129;101909;1428.400000000;50;9473446930;B
20240129;101914;1428.400000000;1;9473447561;S
20240129;101914;1428.400000000;39;9473447562;S
20240129;101916;1428.600000000;1;9473447822;S
20240129;101918;1428.800000000;1;9473448147;B
20240129;101919;1428.600000000;3;9473448316;S
20240129;101920;1428.800000000;1;9473448446;B
20240129;101920;1428.800000000;10;9473448447;B
20240129;101920;1428.800000000;4;9473448476;B
20240129;101921;1428.800000000;4;9473448511;B
20240129;101926;1428.800000000;2;9473449549;B
20240129;101928;1428.800000000;1;9473449745;B
20240129;101928;1428.800000000;1;9473449856;B
20240129;101930;1428.800000000;10;9473450055;B
20240129;101932;1428.600000000;1;9473450346;S
20240129;101934;1428.800000000;20;9473450562;B
20240129;101935;1428.800000000;1;9473450706;B
20240129;101935;1428.600000000;8;9473450807;S
20240129;101936;1428.800000000;40;9473450847;B
20240129;101937;1428.800000000;1;9473450987;B
20240129;101937;1428.600000000;5;9473451077;S
20240129;101938;1428.800000000;11;9473451225;B
20240129;101939;1428.800000000;2;9473451272;B
20240129;101940;1428.800000000;2;9473451393;B
20240129;101940;1428.800000000;1;9473451480;B
20240129;101940;1428.800000000;1;9473451484;B
20240129;101941;1428.800000000;50;9473451575;B
20240129;101943;1428.800000000;3;9473451811;B
20240129;101944;1428.800000000;3;9473451940;B
20240129;101944;1428.800000000;1;9473451967;B
20240129;101944;1428.600000000;1;9473452016;S
20240129;101945;1428.800000000;2;9473452110;B
20240129;101945;1428.800000000;10;9473452156;B
20240129;101949;1428.800000000;70;9473452677;B
20240129;101949;1428.800000000;10;9473452678;B
20240129;101949;1428.800000000;1;9473452679;B
20240129;101949;1428.800000000;50;9473452680;B
20240129;101949;1428.800000000;169;9473452681;B
20240129;101951;1428.800000000;20;9473452939;B
20240129;101954;1428.600000000;81;9473453265;S
20240129;101954;1428.600000000;4;9473453266;S
20240129;101954;1428.600000000;1;9473453267;S
20240129;101954;1428.600000000;1;9473453268;S
20240129;101954;1428.600000000;1;9473453269;S
20240129;101954;1428.600000000;1;9473453270;S
20240129;101954;1428.600000000;1;9473453271;S
20240129;101954;1428.400000000;1;9473453272;S
20240129;101954;1428.400000000;1;9473453273;S
20240129;101954;1428.400000000;4;9473453274;S
20240129;101954;1428.400000000;1;9473453275;S
20240129;101954;1428.400000000;3;9473453276;S
20240129;101955;1428.800000000;63;9473453443;B
20240129;101956;1428.800000000;150;9473453575;B
20240129;101957;1428.800000000;1;9473453713;B
20240129;101958;1428.600000000;1;9473453807;S
20240129;101959;1428.600000000;7;9473453900;B
20240129;102001;1428.600000000;5;9473454161;B
20240129;102002;1428.400000000;1;9473454248;S
20240129;102003;1428.600000000;1;9473454483;B
20240129;102004;1428.600000000;1;9473454550;B
20240129;102004;1428.400000000;2;9473454582;S
20240129;102004;1428.600000000;2;9473454610;B
20240129;102005;1428.600000000;20;9473454761;B
20240129;102007;1428.400000000;1;9473454898;S
20240129;102007;1428.600000000;1;9473454962;B
20240129;102007;1428.400000000;1;9473454977;S
20240129;102009;1428.400000000;1;9473455171;S
20240129;102009;1428.400000000;1;9473455193;S
20240129;102009;1428.600000000;12;9473455240;B
20240129;102009;1428.600000000;1;9473455241;B
20240129;102009;1428.600000000;7;9473455242;B
20240129;102010;1428.800000000;150;9473455298;B
20240129;102013;1428.800000000;3;9473456401;B
20240129;102014;1428.600000000;1;9473456518;S
20240129;102018;1428.600000000;70;9473458618;B
20240129;102019;1428.600000000;14;9473459140;B
20240129;102020;1428.600000000;69;9473459166;B
20240129;102020;1428.400000000;1;9473459294;S
20240129;102021;1428.400000000;1;9473459421;S
20240129;102022;1428.600000000;2;9473459471;B
20240129;102022;1428.400000000;1;9473460141;S
20240129;102025;1428.400000000;3;9473461978;S
20240129;102026;1428.600000000;1;9473462181;B
20240129;102027;1428.400000000;3;9473462247;S
20240129;102031;1428.600000000;1;9473463271;B
20240129;102033;1428.400000000;4;9473464934;S
20240129;102033;1428.400000000;1;9473464935;S
20240129;102033;1428.400000000;2;9473464936;S
20240129;102033;1428.400000000;47;9473464937;S
20240129;102034;1428.600000000;5;9473465043;B
20240129;102035;1428.600000000;2;9473465122;B
20240129;102036;1428.600000000;10;9473465213;B
20240129;102036;1428.600000000;5;9473465235;B
20240129;102040;1428.600000000;2;9473468096;B
20240129;102041;1428.600000000;10;9473468592;B
20240129;102045;1428.600000000;2;9473470257;B
20240129;102046;1428.400000000;1;9473470388;S
20240129;102046;1428.600000000;2;9473470444;B
20240129;102047;1428.600000000;50;9473470550;B
20240129;102047;1428.600000000;10;9473470579;B
20240129;102047;1428.600000000;1;9473470624;B
20240129;102049;1428.600000000;2;9473470876;B
20240129;102049;1428.400000000;1;9473470947;S
20240129;102052;1428.600000000;42;9473471725;B
20240129;102052;1428.600000000;59;9473471726;B
20240129;102052;1428.600000000;100;9473471727;B
20240129;102052;1428.600000000;4;9473471728;B
20240129;102052;1428.600000000;21;9473471729;B
20240129;102052;1428.600000000;2;9473471731;B
20240129;102052;1428.600000000;1;9473471783;B
20240129;102053;1428.600000000;26;9473471830;B
20240129;102053;1428.800000000;4;9473471831;B
20240129;102053;1428.800000000;7;9473471881;B
20240129;102053;1428.800000000;1;9473471882;B
20240129;102054;1428.600000000;140;9473471993;S
20240129;102054;1428.600000000;15;9473471994;S
20240129;102054;1428.400000000;85;9473471995;S
20240129;102055;1428.600000000;1;9473472814;S
20240129;102055;1428.800000000;5;9473472838;B
20240129;102056;1428.800000000;1;9473473257;B
20240129;102056;1428.600000000;7;9473473260;S
20240129;102056;1428.600000000;50;9473473261;S
20240129;102056;1428.400000000;6;9473473262;S
20240129;102056;1428.400000000;12;9473473263;S
20240129;102056;1428.400000000;1;9473473264;S
20240129;102056;1428.400000000;1;9473473265;S
20240129;102056;1428.400000000;56;9473473266;S
20240129;102056;1428.400000000;67;9473473267;S
20240129;102058;1428.800000000;15;9473474010;B
20240129;102105;1428.600000000;1;9473476371;S
20240129;102105;1428.800000000;1;9473476403;B
20240129;102105;1428.600000000;1;9473476456;S
20240129;102105;1428.600000000;1;9473476457;B
20240129;102105;1428.600000000;1;9473476513;B
20240129;102106;1428.400000000;7;9473476518;S
20240129;102106;1428.400000000;1;9473476537;S
20240129;102106;1428.400000000;1;9473476588;S
20240129;102106;1428.400000000;1;9473476606;S
20240129;102107;1428.400000000;1;9473477144;S
20240129;102108;1428.600000000;2;9473477193;B
20240129;102109;1428.400000000;2;9473477871;S
20240129;102110;1428.600000000;1;9473478423;B
20240129;102111;1428.400000000;1;9473478493;S
20240129;102111;1428.600000000;25;9473478496;B
20240129;102111;1428.400000000;3;9473478503;S
20240129;102111;1428.400000000;1;9473478507;S
20240129;102111;1428.600000000;10;9473478539;B
20240129;102111;1428.600000000;1;9473478612;B
20240129;102112;1428.600000000;3;9473478938;B
20240129;102112;1428.400000000;8;9473478980;S
20240129;102112;1428.400000000;1;9473478994;S
20240129;102112;1428.600000000;1;9473479008;B
20240129;102112;1428.400000000;41;9473479308;S
20240129;102112;1428.400000000;1;9473479310;S
20240129;102113;1428.600000000;1;9473479396;B
20240129;102114;1428.400000000;90;9473479485;S
20240129;102114;1428.400000000;1;9473479495;S
20240129;102114;1428.400000000;2;9473479557;S
20240129;102114;1428.400000000;14;9473479726;S
20240129;102115;1428.400000000;1;9473479772;S
20240129;102115;1428.600000000;1;9473479853;B
20240129;102115;1428.400000000;3;9473479889;S
20240129;102115;1428.400000000;1;9473479898;S
20240129;102116;1428.600000000;5;9473479945;B
20240129;102116;1428.400000000;2;9473479975;S
20240129;102116;1428.600000000;1;9473479980;B
20240129;102116;1428.600000000;2;9473479986;B
20240129;102116;1428.400000000;2;9473480482;S
20240129;102117;1428.400000000;1;9473480545;S
20240129;102118;1428.400000000;1;9473481080;S
20240129;102119;1428.400000000;1;9473481209;S
