<DATE>;<TIME>;<LAST>;<VOL>;<ID>;<OPER>
20240327;095948;1317;2;9949981423;S
20240327;095948;1317;1;9949981424;B
20240327;095948;1317;1;9949981425;B
20240327;095948;1317;1;9949981426;B
20240327;095948;1317;3;9949981427;B
20240327;095948;1317;1;9949981428;B
20240327;095948;1317;2;9949981429;B
20240327;095948;1317;19;9949981430;B
20240327;095948;1317;1;9949981431;B
20240327;095948;1317;2;9949981432;B
20240327;095948;1317;2;9949981433;B
20240327;095948;1317;1;9949981434;B
20240327;095948;1317;1;9949981435;B
20240327;095948;1317;4;9949981436;B
20240327;095948;1317;5;9949981437;B
20240327;095948;1317;10;9949981438;B
20240327;095948;1317;1;9949981439;B
20240327;095948;1317;3;9949981440;B
20240327;095948;1317;2;9949981441;B
20240327;095948;1317;29;9949981442;B
20240327;095948;1317;1;9949981443;B
20240327;095948;1317;1;9949981444;B
20240327;095948;1317;1;9949981445;B
20240327;095948;1317;1;9949981446;B
20240327;095948;1317;8;9949981447;B
20240327;095948;1317;3;9949981448;B
20240327;095948;1317;2;9949981449;B
20240327;095948;1317;5;9949981450;B
20240327;095948;1317;30;9949981451;B
20240327;095948;1317;65;9949981452;B
20240327;095948;1317;3;9949981453;B
20240327;095948;1317;15;9949981454;S
20240327;095948;1317;1;9949981455;B
20240327;095948;1317;53;9949981456;S
20240327;095948;1317;2;9949981457;S
20240327;095948;1317;1;9949981458;B
20240327;095948;1317;25;9949981459;S
20240327;095948;1317;1;9949981460;S
20240327;095948;1317;6;9949981461;S
20240327;095948;1317;1;9949981462;S
20240327;095948;1317;1;9949981463;S
20240327;095948;1317;37;9949981464;S
20240327;095948;1317;5;9949981465;S
20240327;095948;1317;8;9949981466;S
20240327;095948;1317;1;9949981467;S
20240327;095948;1317;10;9949981468;S
20240327;095948;1317;2;9949981469;S
20240327;095948;1317;3;9949981470;S
20240327;095948;1317;1000;9949981471;S
20240327;095948;1317;2;9949981472;S
20240327;095948;1317;1;9949981473;S
20240327;095948;1317;4;9949981474;S
20240327;095948;1317;2;9949981475;S
20240327;095948;1317;500;9949981476;S
20240327;095948;1317;2;9949981477;B
20240327;095948;1317;2;9949981478;B
20240327;095948;1317;1;9949981479;B
20240327;095948;1317;100;9949981480;B
20240327;095948;1317;200;9949981481;S
20240327;095948;1317;2;9949981482;S
20240327;095948;1317;24;9949981483;S
20240327;095948;1317;4;9949981484;S
20240327;095948;1317;6;9949981485;S
20240327;095948;1317;18;9949981486;S
20240327;095948;1317;50;9949981487;S
20240327;095948;1317;35;9949981488;B
20240327;095948;1317;10;9949981489;S
20240327;095948;1317;100;9949981490;B
20240327;095948;1317;37;9949981491;B
20240327;095948;1317;66;9949981492;B
20240327;095948;1317;4;9949981493;B
20240327;095948;1317;3;9949981494;B
20240327;095948;1317;7;9949981495;S
20240327;095948;1317;1;9949981496;S
20240327;095948;1317;50;9949981497;S
20240327;095948;1317;1;9949981498;B
20240327;095948;1317;2;9949981499;B
20240327;095948;1317;1;9949981500;B
20240327;095948;1317;12;9949981501;B
20240327;095948;1317;11;9949981502;S
20240327;095948;1317;6;9949981503;S
20240327;095948;1317;1;9949981504;S
20240327;095948;1317;20;9949981505;B
20240327;095948;1317;2;9949981506;S
20240327;100000;1318.4;100;9949984066;B
20240327;100000;1318.4;36;9949984084;B
20240327;100000;1318.6;1;9949984115;B
20240327;100000;1318.8;100;9949984180;B
20240327;100000;1319;50;9949984557;B
20240327;100000;1319;50;9949984558;B
20240327;100000;1319;100;9949984563;B
20240327;100000;1318.6;29;9949984593;S
20240327;100001;1319;8;9949985043;B
20240327;100001;1319;3;9949985076;B
20240327;100001;1319;10;9949985377;B
20240327;100001;1319;29;9949985405;B
20240327;100001;1319;21;9949985406;B
20240327;100002;1318.6;71;9949986346;S
20240327;100002;1318.6;136;9949986347;S
20240327;100004;1318.6;8;9949987001;B
20240327;100005;1318.6;1;9949987940;B
20240327;100005;1318.6;1;9949988106;B
20240327;100005;1318.6;1;9949988108;B
20240327;100005;1318.4;14;9949988145;S
20240327;100006;1318.6;25;9949988651;B
20240327;100006;1318.4;6;9949988655;S
20240327;100006;1318.4;1;9949988708;S
20240327;100006;1318.6;2;9949988715;B
20240327;100006;1318.6;15;9949989121;B
20240327;100006;1318.4;1;9949989221;S
20240327;100006;1318.4;2;9949989380;S
20240327;100006;1318.4;1;9949989419;S
20240327;100006;1318.6;1;9949989440;B
20240327;100006;1318.6;1;9949989922;B
20240327;100006;1318.6;1;9949989995;B
20240327;100007;1318.4;1;9949990340;S
20240327;100007;1318.4;3;9949990999;S
20240327;100007;1318.6;3;9949991003;B
20240327;100007;1318.8;20;9949991058;S
20240327;100007;1318.8;5;9949991205;S
20240327;100007;1319;3;9949991210;B
20240327;100007;1318.8;4;9949991253;S
20240327;100007;1318.8;2;9949991597;S
20240327;100007;1319;8;9949991604;B
20240327;100007;1319.2;25;9949991605;B
20240327;100007;1319.2;10;9949991606;B
20240327;100007;1319.2;17;9949991607;B
20240327;100007;1319.2;1;9949991611;B
20240327;100007;1319.2;1;9949991654;B
20240327;100007;1319.2;10;9949991728;B
20240327;100007;1319.4;5;9949991731;B
20240327;100007;1319.4;35;9949991734;B
20240327;100007;1319.4;67;9949991735;B
20240327;100008;1319.6;100;9949992000;B
20240327;100008;1319.6;33;9949992001;B
20240327;100008;1319.6;100;9949992002;B
20240327;100009;1319.2;8;9949992367;S
20240327;100010;1319.6;17;9949992777;B
20240327;100010;1319.6;1;9949992778;B
20240327;100010;1319.6;43;9949992779;B
20240327;100010;1319.6;4;9949992940;B
20240327;100010;1319.6;36;9949993041;B
20240327;100011;1319.6;2;9949993215;B
20240327;100011;1319.6;67;9949993225;B
20240327;100011;1319.6;11;9949993275;B
20240327;100013;1319.6;2;9949993727;B
20240327;100017;1319.6;2;9949994769;B
20240327;100017;1319.6;5;9949994791;B
20240327;100018;1319.6;3;9949994857;B
20240327;100018;1319.6;3;9949994877;B
20240327;100018;1319.6;1;9949995012;B
20240327;100018;1319;99;9949995015;S
20240327;100018;1319;6;9949995016;S
20240327;100018;1319;100;9949995017;B
20240327;100018;1319;1;9949995050;B
20240327;100020;1319;1;9949995573;S
20240327;100021;1319.4;5;9949995674;B
20240327;100021;1319.4;20;9949995697;B
20240327;100021;1319.4;29;9949995698;B
20240327;100021;1319.4;100;9949995699;B
20240327;100021;1319.4;5;9949995700;B
20240327;100021;1319.6;130;9949995701;B
20240327;100021;1319.6;7;9949995702;B
20240327;100021;1319.6;2;9949995703;B
20240327;100021;1319.8;7;9949995704;B
20240327;100021;1319.8;50;9949995705;B
20240327;100022;1319.8;3;9949995755;B
20240327;100022;1319.4;2;9949995818;S
20240327;100022;1319.8;4;9949995830;B
20240327;100026;1319.4;5;9949996821;B
20240327;100026;1319.6;25;9949996822;B
20240327;100026;1319.6;8;9949996823;B
20240327;100027;1319.6;2;9949996983;B
20240327;100029;1319.2;1;9949997587;S
20240327;100029;1319;6;9949997588;S
20240327;100029;1319;2;9949997620;S
20240327;100030;1318.8;1;9949997857;S
20240327;100031;1318.8;1;9949998041;S
20240327;100032;1319.2;3;9949998232;B
20240327;100032;1319;15;9949998278;S
20240327;100032;1319;11;9949998279;S
20240327;100032;1318.8;10;9949998280;S
20240327;100032;1318.8;136;9949998281;S
20240327;100033;1318.6;100;9949998469;S
20240327;100034;1318.6;5;9949998698;B
20240327;100034;1318.6;10;9949998699;B
20240327;100034;1318.8;10;9949998700;B
20240327;100036;1318.8;1;9949999139;B
20240327;100037;1318.4;100;9949999309;S
20240327;100038;1318.2;60;9949999507;S
20240327;100038;1318;60;9949999508;S
20240327;100038;1318;12;9949999509;S
20240327;100038;1318;2;9949999510;S
20240327;100038;1318;9;9949999511;S
20240327;100038;1317.8;60;9949999512;S
20240327;100038;1317.8;136;9949999513;S
20240327;100038;1317.6;25;9949999514;S
20240327;100038;1317.4;15;9949999515;S
20240327;100039;1318.2;14;9949999755;B
20240327;100039;1317.8;8;9949999858;S
20240327;100040;1317.6;2;9950000015;S
20240327;100041;1318;15;9950000452;B
20240327;100041;1318.4;12;9950000453;B
20240327;100041;1318.6;23;9950000454;B
20240327;100042;1318.6;2;9950000559;B
20240327;100043;1318.4;1;9950000769;B
20240327;100044;1317.6;30;9950000941;S
20240327;100045;1318.2;3;9950001208;B
20240327;100045;1318.4;11;9950001209;B
20240327;100045;1318.6;25;9950001210;B
20240327;100045;1319;10;9950001229;B
20240327;100045;1319;10;9950001230;B
20240327;100045;1319;26;9950001231;B
20240327;100045;1319;25;9950001232;B
20240327;100045;1319.2;29;9950001233;B
20240327;100046;1319.2;50;9950001535;B
20240327;100047;1318.8;1;9950001555;S
20240327;100047;1318.8;20;9950001617;S
20240327;100047;1318.4;12;9950001618;S
20240327;100047;1318.4;136;9950001619;S
20240327;100047;1318.2;32;9950001620;S
20240327;100047;1318.2;1;9950001812;S
20240327;100048;1318.8;8;9950002020;B
20240327;100048;1319;12;9950002021;B
20240327;100049;1318.6;15;9950002457;S
20240327;100051;1318.2;27;9950003128;S
20240327;100051;1318.2;73;9950003129;S
20240327;100052;1318.2;41;9950003417;S
20240327;100054;1318.6;1;9950004035;B
20240327;100057;1318.4;4;9950004708;S
20240327;100057;1318.2;100;9950004709;S
20240327;100057;1318.2;60;9950004710;S
20240327;100057;1318.2;3;9950004720;B
20240327;100057;1318.6;47;9950004721;B
20240327;100057;1318.6;7;9950004780;B
20240327;100058;1318.6;10;9950004875;B
20240327;100100;1318.6;10;9950005484;B
20240327;100100;1318.2;28;9950005514;S
20240327;100100;1318;46;9950005515;S
20240327;100100;1318;14;9950005568;S
20240327;100100;1318;36;9950005569;S
20240327;100102;1318.6;3;9950006019;B
20240327;100103;1318.4;2;9950006126;S
20240327;100103;1318.6;7;9950006153;B
20240327;100103;1318.8;12;9950006154;B
20240327;100103;1319;18;9950006155;B
20240327;100103;1319;25;9950006156;B
20240327;100103;1319;190;9950006157;B
20240327;100106;1319;24;9950006953;B
20240327;100106;1319;185;9950006954;B
20240327;100106;1319.2;108;9950006955;B
20240327;100106;1319.2;2;9950006956;B
20240327;100106;1319.2;9;9950006957;B
20240327;100106;1319.2;25;9950006958;B
20240327;100106;1319.2;27;9950006959;B
20240327;100106;1319.4;60;9950006960;B
20240327;100106;1319.4;55;9950006961;B
20240327;100108;1318.8;12;9950007413;S
20240327;100108;1318.8;27;9950007414;S
20240327;100108;1318.6;11;9950007415;S
20240327;100108;1318.6;1;9950007449;S
20240327;100110;1319.2;5;9950007842;B
20240327;100112;1319;2;9950008264;B
20240327;100113;1319;5;9950008434;B
20240327;100113;1318.8;10;9950008495;S
20240327;100115;1319;3;9950008861;B
20240327;100115;1319;3;9950008862;B
20240327;100116;1319;2;9950009051;B
20240327;100116;1318.8;2;9950009152;S
20240327;100117;1319;1;9950009319;B
20240327;100118;1319;1;9950009537;B
20240327;100118;1319;15;9950009661;B
20240327;100118;1318.6;12;9950009667;S
20240327;100118;1318.6;66;9950009668;S
20240327;100119;1319;10;9950009821;B
20240327;100121;1318.6;24;9950010090;S
20240327;100121;1318.4;57;9950010091;S
20240327;100121;1319;5;9950010115;B
20240327;100121;1318.4;4;9950010162;S
20240327;100122;1319;5;9950010195;B
20240327;100122;1319;1;9950010306;B
20240327;100122;1318.6;4;9950010340;S
20240327;100124;1318.6;1;9950010718;B
20240327;100124;1319;5;9950010735;B
20240327;100124;1319;1;9950010756;B
20240327;100126;1319;90;9950011065;B
20240327;100128;1318.4;2;9950011379;S
20240327;100130;1319;106;9950011832;B
20240327;100130;1319;8;9950011833;B
20240327;100130;1319;24;9950011834;B
20240327;100130;1319.2;7;9950011835;B
20240327;100130;1319.2;136;9950011836;B
20240327;100130;1319.4;228;9950011837;B
20240327;100130;1319.4;2;9950011838;B
20240327;100130;1319.4;25;9950011839;B
20240327;100130;1319.4;214;9950011840;B
20240327;100130;1318.8;1;9950011904;S
20240327;100132;1319.6;3;9950012312;B
20240327;100133;1319;5;9950012526;S
20240327;100133;1318.8;11;9950012527;S
20240327;100133;1318.8;24;9950012528;S
20240327;100134;1318.8;5;9950012660;B
20240327;100134;1318.2;14;9950012675;S
20240327;100134;1318.2;2;9950012676;S
20240327;100134;1318.2;34;9950012677;S
20240327;100134;1318.8;17;9950012711;B
20240327;100135;1318.8;3;9950012842;B
20240327;100138;1318.6;2;9950013806;B
20240327;100139;1318.6;72;9950014010;B
20240327;100139;1318.4;1;9950014066;S
20240327;100142;1318.6;10;9950014594;B
20240327;100143;1318.6;1;9950014760;B
20240327;100143;1318.6;1;9950014789;B
20240327;100145;1318.4;4;9950015352;S
20240327;100145;1318.4;2;9950015353;S
20240327;100145;1318.2;7;9950015354;S
20240327;100145;1318.6;3;9950015359;B
20240327;100146;1318.6;5;9950015392;B
20240327;100146;1318.6;7;9950015397;B
20240327;100147;1318.6;45;9950015731;B
20240327;100148;1318.6;1;9950016012;B
20240327;100150;1318.4;150;9950016490;B
20240327;100150;1318.6;50;9950016491;B
20240327;100151;1318.6;7;9950016702;B
20240327;100151;1318.6;12;9950016703;B
20240327;100151;1318.8;81;9950016704;B
20240327;100152;1318.8;1;9950016787;B
20240327;100153;1318.8;2;9950017130;B
20240327;100155;1318.8;4;9950017355;B
20240327;100156;1318.6;1;9950017570;S
20240327;100158;1318.8;2;9950017912;B
20240327;100200;1318.6;1;9950018769;S
20240327;100200;1318.6;2;9950018770;S
20240327;100200;1318.4;1;9950018771;S
20240327;100201;1318.4;1;9950018911;S
20240327;100201;1318.8;1;9950019055;B
20240327;100202;1318.8;1;9950019321;B
20240327;100205;1318.6;2;9950020051;S
20240327;100205;1318.6;2;9950020052;S
20240327;100205;1318.6;100;9950020053;B
20240327;100209;1318.6;80;9950020810;B
20240327;100210;1318.6;5;9950021040;B
20240327;100210;1318.4;26;9950021107;S
20240327;100210;1318.4;2;9950021108;S
20240327;100210;1318.2;1;9950021109;S
20240327;100210;1318.2;2;9950021110;S
20240327;100210;1318.2;2;9950021111;S
20240327;100210;1318.2;78;9950021112;S
20240327;100210;1318.2;25;9950021113;S
20240327;100210;1318.2;25;9950021114;S
20240327;100210;1318;289;9950021115;S
20240327;100210;1318;1;9950021142;S
20240327;100211;1318;125;9950021358;S
20240327;100211;1318;10;9950021359;S
20240327;100211;1318;2;9950021360;S
20240327;100211;1318;1;9950021361;S
20240327;100211;1318;1;9950021362;S
20240327;100211;1318;2;9950021363;S
20240327;100211;1318;1;9950021364;S
20240327;100211;1318;3;9950021365;S
20240327;100211;1318;41;9950021366;S
20240327;100212;1318.2;1;9950021493;B
20240327;100212;1318.2;1;9950021586;B
20240327;100213;1318.2;1;9950021708;B
20240327;100214;1318.2;22;9950021994;B
20240327;100214;1318.2;25;9950021995;B
20240327;100214;1318.4;86;9950021996;B
20240327;100215;1318;10;9950022022;S
20240327;100215;1318;10;9950022023;S
20240327;100215;1318;22;9950022112;B
20240327;100219;1318;1;9950022816;B
20240327;100219;1318;10;9950022817;B
20240327;100219;1317.8;2;9950022880;S
20240327;100219;1317.8;5;9950022881;S
20240327;100219;1317.6;50;9950022882;S
20240327;100219;1317.6;43;9950022883;S
20240327;100220;1318;100;9950022947;B
20240327;100220;1318;2;9950022995;B
20240327;100220;1318;3;9950023010;B
20240327;100221;1318;1;9950023095;B
20240327;100221;1317.8;20;9950023117;S
20240327;100223;1318;1;9950023422;B
20240327;100224;1317.8;136;9950023759;S
20240327;100224;1317.6;30;9950023760;S
20240327;100224;1317.6;11;9950023761;S
20240327;100224;1317.4;12;9950023762;S
20240327;100224;1317.4;228;9950023763;S
20240327;100224;1317.4;9;9950023764;B
20240327;100225;1317.2;1;9950023907;S
20240327;100225;1317.2;50;9950023908;S
20240327;100225;1317.2;49;9950023909;S
20240327;100229;1317.4;1;9950024726;B
20240327;100230;1317.2;20;9950024769;S
20240327;100231;1317.4;4;9950024973;B
20240327;100231;1317.4;6;9950025041;B
20240327;100232;1317.4;2;9950025128;B
20240327;100232;1317.4;1;9950025158;B
20240327;100232;1317.4;10;9950025194;B
20240327;100232;1317.2;15;9950025208;S
20240327;100232;1317.4;4;9950025211;B
20240327;100233;1317.2;100;9950025301;S
20240327;100233;1317.2;31;9950025306;S
20240327;100233;1317.2;4;9950025307;S
20240327;100233;1317;743;9950025308;S
20240327;100233;1317.4;1;9950025389;B
20240327;100234;1317.4;1;9950025479;B
20240327;100234;1317.4;8;9950025581;B
20240327;100237;1317;84;9950026151;S
20240327;100237;1317.4;36;9950026215;B
20240327;100237;1317.4;25;9950026216;B
20240327;100237;1317.4;32;9950026217;B
20240327;100237;1317.6;7;9950026218;B
20240327;100238;1317.4;30;9950026374;S
20240327;100238;1317.2;214;9950026375;S
20240327;100238;1317.2;32;9950026376;S
20240327;100238;1317;114;9950026377;S
20240327;100238;1317;404;9950026407;S
20240327;100239;1317.4;1;9950026629;B
20240327;100240;1317;5;9950026748;S
20240327;100240;1317;1;9950026820;S
20240327;100241;1317.2;1;9950026929;S
20240327;100242;1317.2;5;9950026997;B
20240327;100243;1317.2;15;9950027282;B
20240327;100243;1317;20;9950027289;S
20240327;100244;1317.2;3;9950027316;B
20240327;100244;1317;358;9950027373;S
20240327;100244;1317;50;9950027374;S
20240327;100244;1317;14;9950027433;S
20240327;100246;1317.2;2;9950027592;B
20240327;100246;1317;1;9950027693;S
20240327;100247;1317.2;3;9950027748;B
20240327;100247;1317.2;1;9950027818;B
20240327;100247;1317.2;7;9950027819;B
20240327;100247;1317.2;20;9950027863;B
20240327;100247;1317;10;9950027877;S
20240327;100248;1317.2;1;9950028166;B
20240327;100250;1317.2;1;9950028528;S
20240327;100250;1317;47;9950028529;S
20240327;100250;1317;26;9950028530;S
20240327;100251;1317.4;1;9950028660;B
20240327;100251;1317.4;15;9950028704;B
20240327;100251;1317;9;9950028728;S
20240327;100251;1317;2;9950028729;S
20240327;100251;1317;4;9950028730;S
20240327;100251;1317;1;9950028731;S
20240327;100251;1317;10;9950028732;S
20240327;100251;1317;20;9950028733;S
20240327;100251;1317;1;9950028734;S
20240327;100251;1317;1;9950028735;S
20240327;100251;1317;1;9950028736;S
20240327;100251;1317;1;9950028737;S
20240327;100251;1317;4;9950028738;S
20240327;100251;1317;2;9950028739;S
20240327;100251;1317;114;9950028740;S
20240327;100251;1317.2;100;9950028789;B
20240327;100252;1317.2;1;9950028887;B
20240327;100252;1317.2;1;9950029018;B
20240327;100252;1317;341;9950029028;S
20240327;100252;1317;2;9950029031;S
20240327;100253;1317.2;34;9950029167;B
20240327;100253;1317.2;16;9950029168;B
20240327;100254;1317.2;1;9950029391;B
20240327;100254;1317;15;9950029399;S
20240327;100254;1317.2;1;9950029402;B
20240327;100255;1317.2;7;9950029534;B
20240327;100255;1317.2;228;9950029535;B
20240327;100255;1317.4;30;9950029536;B
20240327;100255;1317.4;274;9950029537;B
20240327;100256;1317.2;38;9950029755;B
20240327;100256;1317.2;34;9950029756;B
20240327;100256;1317.4;25;9950029757;B
20240327;100256;1317.6;3;9950029758;B
20240327;100256;1317;1;9950029783;S
20240327;100257;1317.6;20;9950029995;B
20240327;100258;1317.6;2;9950030162;B
20240327;100258;1317.8;6;9950030163;B
20240327;100258;1317.4;1;9950030261;S
20240327;100258;1317.2;34;9950030262;S
20240327;100258;1317;27;9950030263;S
20240327;100258;1317;1;9950030264;S
20240327;100258;1317;1;9950030265;S
20240327;100258;1317;2;9950030266;S
20240327;100258;1317;2;9950030267;S
20240327;100258;1317;1;9950030268;S
20240327;100258;1317;207;9950030269;S
20240327;100258;1317;1;9950030270;S
20240327;100258;1317;23;9950030271;S
20240327;100258;1316.8;20;9950030272;S
20240327;100258;1316.8;1;9950030273;S
20240327;100258;1316.8;25;9950030274;S
20240327;100258;1316.8;1;9950030275;S
20240327;100258;1316.8;1;9950030276;S
20240327;100258;1316.8;5;9950030277;S
20240327;100258;1316.8;1;9950030278;S
20240327;100258;1316.8;1;9950030279;S
20240327;100258;1316.8;1;9950030280;S
20240327;100258;1316.8;1;9950030281;S
20240327;100258;1316.8;2;9950030282;S
20240327;100258;1316.8;1;9950030283;S
20240327;100258;1316.8;1;9950030284;S
20240327;100258;1316.8;2;9950030285;S
20240327;100258;1316.8;110;9950030286;S
20240327;100258;1316.8;3;9950030287;S
20240327;100258;1316.8;1;9950030288;S
20240327;100258;1316.8;1;9950030289;S
20240327;100258;1316.8;5;9950030290;S
20240327;100258;1316.8;16;9950030291;S
20240327;100258;1316.8;1;9950030292;S
20240327;100259;1317.4;2;9950030502;B
20240327;100300;1317;2;9950030564;S
20240327;100300;1316.8;29;9950030565;S
20240327;100301;1317.4;10;9950030787;B
20240327;100301;1317.4;46;9950030788;B
20240327;100301;1317.4;2;9950030789;B
20240327;100301;1316.8;200;9950030858;S
20240327;100301;1316.8;4;9950030902;S
20240327;100302;1317.4;2;9950031049;B
20240327;100303;1317.4;6;9950031295;B
20240327;100303;1317.4;39;9950031296;B
20240327;100304;1316.8;20;9950031437;S
20240327;100305;1316.8;6;9950031518;S
20240327;100305;1317.4;1;9950031679;B
20240327;100307;1316.8;100;9950031947;S
20240327;100308;1316.8;5;9950032080;S
20240327;100310;1317.2;1;9950032513;B
20240327;100311;1317.2;1;9950032746;B
20240327;100312;1317.2;1;9950032925;B
20240327;100312;1317;20;9950033048;S
20240327;100313;1317.2;15;9950033058;B
20240327;100314;1317.2;1;9950033243;B
20240327;100316;1317;8;9950033513;S
20240327;100317;1317;281;9950033778;S
20240327;100317;1316.8;123;9950033779;S
20240327;100317;1316.8;1;9950033780;S
20240327;100317;1316.8;11;9950033781;S
20240327;100317;1316.8;3;9950033782;S
20240327;100317;1316.8;1;9950033783;S
20240327;100317;1316.8;2;9950033784;S
20240327;100317;1316.8;15;9950033785;S
20240327;100317;1316.8;12;9950033786;S
20240327;100317;1316.8;25;9950033787;S
20240327;100317;1316.8;1;9950033788;S
20240327;100317;1316.8;34;9950033789;S
20240327;100317;1316.6;13;9950033790;S
20240327;100317;1316.6;2;9950033791;S
20240327;100317;1316.6;60;9950033792;S
20240327;100317;1316.6;20;9950033793;S
20240327;100317;1316.6;100;9950033794;B
20240327;100317;1316.4;1;9950033812;S
20240327;100317;1316.4;1;9950033813;S
20240327;100317;1316.4;1;9950033814;S
20240327;100317;1316.4;7;9950033815;S
20240327;100318;1316.6;1;9950033966;B
20240327;100318;1316.6;10;9950034035;B
20240327;100318;1316.6;1;9950034141;B
20240327;100319;1316.6;2;9950034190;B
20240327;100321;1316.6;1;9950034677;B
20240327;100322;1316.6;1;9950034757;B
20240327;100322;1316.6;1;9950034875;B
20240327;100323;1316.6;1;9950034999;B
20240327;100328;1316.6;50;9950036156;B
20240327;100328;1316.6;14;9950036178;B
20240327;100329;1316.6;1;9950036365;B
20240327;100330;1316.4;14;9950036558;S
20240327;100331;1316.4;279;9950036824;S
20240327;100331;1316.4;2;9950036825;S
20240327;100331;1316.4;5;9950036826;S
20240327;100331;1316.4;2;9950036827;S
20240327;100331;1316.4;1;9950036828;S
20240327;100331;1316.4;5;9950036829;S
20240327;100331;1316.2;1;9950036830;S
20240327;100331;1316.2;1;9950036831;S
20240327;100331;1316.2;8;9950036832;S
20240327;100331;1316.2;10;9950036833;S
20240327;100331;1316.2;25;9950036834;S
20240327;100331;1316.2;2;9950036835;S
20240327;100331;1316.2;1;9950036836;S
20240327;100331;1316.2;1;9950036837;S
20240327;100331;1316.2;40;9950036838;S
20240327;100331;1316.2;67;9950036839;S
20240327;100331;1316.4;60;9950036892;B
20240327;100332;1316.4;20;9950037074;B
20240327;100332;1316.4;1;9950037151;B
20240327;100333;1316.4;147;9950037325;B
20240327;100333;1316.4;35;9950037326;B
20240327;100333;1316.6;13;9950037327;B
20240327;100333;1316.6;5;9950037328;B
20240327;100334;1316.2;176;9950037438;S
20240327;100334;1316.6;10;9950037529;B
20240327;100334;1316.6;7;9950037531;B
20240327;100335;1316.2;2;9950037606;S
20240327;100336;1316.6;1;9950037715;B
20240327;100336;1316.6;5;9950037776;B
20240327;100336;1316.6;3;9950037781;B
20240327;100336;1316.6;2;9950037806;B
20240327;100336;1316.4;2;9950037846;S
20240327;100336;1316.4;1;9950037847;S
20240327;100336;1316.2;140;9950037875;S
20240327;100337;1316.6;1;9950037977;B
20240327;100338;1316.6;50;9950038096;B
20240327;100338;1316.4;7;9950038122;S
20240327;100338;1316.2;147;9950038123;S
20240327;100338;1316.4;11;9950038186;B
20240327;100338;1316.2;5;9950038199;S
20240327;100340;1316.4;200;9950038568;B
20240327;100345;1316.4;10;9950039544;B
20240327;100346;1316.2;10;9950039633;S
20240327;100346;1316.4;2;9950039781;B
20240327;100347;1316.2;1;9950039855;S
20240327;100347;1316.4;1;9950039903;B
20240327;100348;1316.2;18;9950040160;S
20240327;100349;1316.4;1;9950040311;B
20240327;100350;1316.2;5;9950040532;S
20240327;100350;1316.4;141;9950040567;B
20240327;100350;1316.4;36;9950040568;B
20240327;100350;1316.4;18;9950040569;B
20240327;100350;1316.4;28;9950040570;B
20240327;100350;1316.4;50;9950040581;S
20240327;100352;1316.4;1;9950040909;S
20240327;100353;1316.4;1;9950040927;S
20240327;100353;1316.4;5;9950041004;S
20240327;100353;1316.6;10;9950041115;B
20240327;100355;1316.6;2;9950041296;B
20240327;100355;1316.4;4;9950041329;S
20240327;100357;1316.6;1;9950041754;B
20240327;100358;1316.6;100;9950041958;B
20240327;100358;1316.4;2;9950042029;S
20240327;100400;1316.4;10;9950042346;S
20240327;100401;1316.4;2;9950042514;S
20240327;100402;1316.4;2;9950042538;S
20240327;100402;1316.6;8;9950042792;B
20240327;100402;1316.6;2;9950042793;B
20240327;100404;1316.6;10;9950043251;B
20240327;100406;1316.4;10;9950043628;S
20240327;100406;1316.4;5;9950043661;S
20240327;100406;1316.4;2;9950043662;S
20240327;100407;1316.6;1;9950043793;B
20240327;100407;1316.6;2;9950043865;B
20240327;100407;1316.4;2;9950043886;S
20240327;100407;1316.4;1;9950043887;S
20240327;100407;1316.2;12;9950043888;S
20240327;100408;1316.4;2;9950044016;B
20240327;100408;1316.2;167;9950044025;S
20240327;100408;1316.2;10;9950044026;S
20240327;100408;1316.2;5;9950044027;S
20240327;100408;1316.2;22;9950044028;S
20240327;100408;1316.2;1;9950044029;S
20240327;100408;1316.2;10;9950044030;S
20240327;100408;1316.2;1;9950044031;S
20240327;100408;1316.2;4;9950044032;S
20240327;100408;1316.2;10;9950044033;S
20240327;100408;1316.2;1;9950044034;S
20240327;100408;1316;2;9950044035;S
20240327;100408;1316;1;9950044036;S
20240327;100408;1316;56;9950044037;S
20240327;100408;1316;1;9950044038;S
20240327;100408;1316;9;9950044039;S
20240327;100409;1316;27;9950044136;S
20240327;100409;1316;1;9950044137;S
20240327;100409;1316;2;9950044138;S
20240327;100409;1316;1;9950044139;S
20240327;100409;1316;1;9950044140;S
20240327;100409;1316;1;9950044141;S
20240327;100409;1316;1;9950044142;S
20240327;100409;1316;1;9950044143;S
20240327;100409;1316;2;9950044144;S
20240327;100409;1316;2;9950044145;S
20240327;100409;1316;1;9950044146;S
20240327;100409;1316;5;9950044147;S
20240327;100409;1316;2;9950044148;S
20240327;100409;1316;2;9950044149;S
20240327;100409;1316;2;9950044150;S
20240327;100409;1316;38;9950044151;S
20240327;100409;1316;10;9950044152;S
20240327;100409;1316;1;9950044153;S
20240327;100409;1316;7;9950044154;S
20240327;100409;1316;3;9950044155;S
20240327;100409;1316;5;9950044156;S
20240327;100409;1316;1;9950044157;S
20240327;100409;1316;100;9950044158;S
20240327;100409;1316;1;9950044159;S
20240327;100409;1316;1;9950044160;S
20240327;100409;1316;1;9950044161;S
20240327;100409;1316;1;9950044162;S
20240327;100409;1316;1;9950044163;S
20240327;100409;1316;1;9950044164;S
20240327;100409;1316;278;9950044165;S
20240327;100409;1316.2;4;9950044175;B
20240327;100409;1316.2;1;9950044177;B
20240327;100409;1316;10;9950044227;S
20240327;100409;1316;12;9950044269;S
20240327;100409;1316;2;9950044270;S
20240327;100409;1316;5;9950044271;S
20240327;100409;1316;6;9950044272;S
20240327;100409;1316;5;9950044292;S
20240327;100410;1316;29;9950044424;S
20240327;100410;1316;1;9950044425;S
20240327;100410;1316;5;9950044426;S
20240327;100410;1316;3;9950044427;S
20240327;100410;1316;3;9950044428;S
20240327;100410;1316;5;9950044429;S
20240327;100410;1316;4;9950044430;S
20240327;100410;1316.2;10;9950044516;B
20240327;100410;1316;1;9950044549;S
20240327;100410;1316;1;9950044550;S
20240327;100410;1316;1;9950044551;S
20240327;100410;1316;1;9950044552;S
20240327;100410;1316;2;9950044553;S
20240327;100410;1315.8;1;9950044554;S
20240327;100410;1315.8;1642;9950044555;S
20240327;100410;1315.8;1;9950044556;S
20240327;100410;1315.8;100;9950044557;S
20240327;100410;1315.8;2;9950044558;S
20240327;100410;1315.8;1;9950044559;S
20240327;100410;1315.8;35;9950044560;S
20240327;100410;1315.6;1;9950044561;S
20240327;100410;1315.6;2;9950044562;S
20240327;100410;1315.6;1;9950044563;S
20240327;100410;1315.6;4;9950044564;S
20240327;100410;1315.6;7;9950044565;S
20240327;100410;1315.6;1;9950044566;S
20240327;100410;1315.6;30;9950044567;S
20240327;100410;1315.6;60;9950044568;S
20240327;100410;1315.6;40;9950044569;S
20240327;100410;1315.6;25;9950044570;S
20240327;100410;1315.4;8;9950044571;S
20240327;100410;1315.4;1;9950044572;S
20240327;100410;1315.4;1;9950044573;S
20240327;100410;1315.4;1;9950044574;S
20240327;100410;1315.4;2;9950044575;S
20240327;100410;1315.4;9;9950044576;S
20240327;100410;1315.4;1;9950044577;S
20240327;100410;1315.4;3;9950044578;S
20240327;100410;1315.4;1;9950044579;S
20240327;100410;1315.4;1;9950044580;S
20240327;100410;1315.4;5;9950044581;S
20240327;100410;1315.4;5;9950044582;S
20240327;100410;1315.4;3;9950044583;S
20240327;100410;1315.4;72;9950044588;S
20240327;100410;1315.4;9;9950044589;S
20240327;100410;1315.4;3;9950044590;S
20240327;100410;1315.4;1;9950044591;S
20240327;100410;1315.4;15;9950044592;S
20240327;100410;1315.4;2;9950044594;S
20240327;100411;1315.8;1;9950044689;B
20240327;100411;1315.8;5;9950044696;B
20240327;100411;1315.8;7;9950044745;B
20240327;100412;1315.6;30;9950044983;S
20240327;100413;1315.8;2;9950045012;B
20240327;100413;1315.8;4;9950045062;B
20240327;100413;1315.6;20;9950045069;S
20240327;100413;1315.6;1;9950045070;S
20240327;100413;1315.4;3;9950045071;S
20240327;100413;1315.4;5;9950045072;S
20240327;100413;1315.4;215;9950045073;S
20240327;100413;1315.4;51;9950045084;S
20240327;100413;1315.4;1;9950045085;S
20240327;100413;1315.4;1;9950045086;S
20240327;100413;1315.4;24;9950045087;S
20240327;100413;1315.4;1;9950045182;S
20240327;100414;1315.4;100;9950045270;S
20240327;100415;1315.8;7;9950045370;B
20240327;100417;1315.4;11;9950045724;S
20240327;100417;1315.4;1;9950045725;S
20240327;100417;1315.4;1;9950045726;S
20240327;100417;1315.4;1;9950045727;S
20240327;100417;1315.2;1;9950045728;S
20240327;100417;1315.2;1;9950045729;S
20240327;100417;1315.2;50;9950045730;S
20240327;100417;1315.2;1;9950045731;S
20240327;100417;1315.2;5;9950045732;S
20240327;100417;1315.6;1;9950045889;B
20240327;100417;1315.6;7;9950045890;B
20240327;100417;1315.6;1;9950045910;B
20240327;100418;1315.4;1;9950046010;B
20240327;100418;1315.6;4;9950046011;B
20240327;100419;1315.8;2;9950046312;B
20240327;100419;1315.2;5;9950046358;S
20240327;100421;1315.2;3;9950046677;S
20240327;100421;1315.2;2;9950046678;S
20240327;100421;1315.2;1;9950046679;S
20240327;100421;1315.2;9;9950046680;S
20240327;100421;1315.2;1;9950046681;S
20240327;100421;1315.2;1;9950046682;S
20240327;100421;1315.2;345;9950046683;S
20240327;100421;1315.2;5;9950046684;S
20240327;100421;1315.2;3;9950046685;S
20240327;100421;1315.2;2;9950046686;S
20240327;100421;1315.2;1;9950046687;S
20240327;100421;1315.2;1;9950046688;S
20240327;100421;1315.2;1;9950046689;S
20240327;100421;1315.2;2;9950046690;S
20240327;100421;1315.2;1;9950046691;S
20240327;100421;1315.2;10;9950046692;S
20240327;100421;1315.2;1;9950046693;S
20240327;100421;1315.2;5;9950046694;S
20240327;100421;1315.2;10;9950046695;S
20240327;100421;1315.2;1;9950046696;S
20240327;100421;1315.2;2;9950046697;S
20240327;100421;1315.2;5;9950046698;S
20240327;100421;1315.2;3;9950046699;S
20240327;100421;1315.2;2;9950046700;S
20240327;100421;1315.2;39;9950046701;S
20240327;100421;1315.2;8;9950046702;S
20240327;100421;1315.2;5;9950046703;S
20240327;100421;1315.2;6;9950046704;S
20240327;100421;1315.2;60;9950046705;S
20240327;100421;1315.2;1;9950046706;S
20240327;100421;1315.2;2;9950046707;S
20240327;100421;1315.2;1;9950046708;S
20240327;100421;1315.2;1;9950046709;S
20240327;100421;1315.2;15;9950046710;S
20240327;100421;1315.2;1;9950046711;S
20240327;100421;1315.2;30;9950046712;S
20240327;100421;1315.2;35;9950046713;S
20240327;100421;1315.2;1;9950046714;S
20240327;100421;1315;3;9950046715;S
20240327;100421;1315;1;9950046716;S
20240327;100421;1315;1;9950046717;S
20240327;100421;1315;1;9950046718;S
20240327;100421;1315;1;9950046719;S
20240327;100421;1315;2;9950046720;S
20240327;100421;1315;1;9950046721;S
20240327;100421;1315;1;9950046722;S
20240327;100421;1315;1;9950046723;S
20240327;100421;1315;10;9950046724;S
20240327;100421;1315;15;9950046725;S
20240327;100421;1315;1;9950046726;S
20240327;100421;1315;2;9950046727;S
20240327;100421;1315;236;9950046728;S
20240327;100421;1315.6;1;9950046736;B
20240327;100421;1315.6;5;9950046737;B
20240327;100421;1315.6;1;9950046738;B
20240327;100421;1315.6;1;9950046739;B
20240327;100421;1315.6;18;9950046741;B
20240327;100421;1315.6;5;9950046742;B
20240327;100421;1315.2;60;9950046780;S
20240327;100421;1315;110;9950046781;S
20240327;100422;1315.8;10;9950046805;B
20240327;100422;1315.4;1;9950046867;S
20240327;100422;1315.2;1;9950046871;B
20240327;100422;1315.2;52;9950046873;B
20240327;100422;1315.6;148;9950046874;B
20240327;100422;1315.2;11;9950046876;S
20240327;100422;1315.4;25;9950046965;S
20240327;100422;1315.2;55;9950046966;S
20240327;100423;1316;1;9950047004;B
20240327;100423;1315.4;100;9950047048;S
20240327;100423;1316;8;9950047154;B
20240327;100424;1315.8;2;9950047209;B
20240327;100424;1316;3;9950047210;B
20240327;100424;1316;5;9950047211;B
20240327;100424;1315.4;10;9950047398;S
20240327;100425;1315.4;2;9950047443;S
20240327;100425;1316;2;9950047461;B
20240327;100425;1316;4;9950047558;B
20240327;100427;1316;1;9950047858;B
20240327;100428;1315.4;10;9950048017;S
20240327;100428;1315.4;199;9950048018;S
20240327;100428;1315.4;12;9950048026;S
20240327;100428;1315.4;200;9950048027;S
20240327;100428;1315.2;25;9950048028;S
20240327;100428;1315.2;250;9950048029;S
20240327;100428;1315.2;8;9950048030;S
20240327;100428;1315.8;1;9950048109;B
20240327;100429;1315.8;20;9950048210;B
20240327;100429;1315.8;8;9950048228;B
20240327;100429;1315.8;35;9950048285;B
20240327;100430;1315.2;5;9950048327;S
20240327;100430;1315.2;12;9950048328;S
20240327;100430;1315.2;1;9950048329;S
20240327;100430;1315.2;20;9950048330;S
20240327;100430;1315.2;22;9950048331;S
20240327;100430;1316;2;9950048351;B
20240327;100430;1316;2;9950048352;B
20240327;100430;1316;18;9950048353;B
20240327;100430;1315.8;1;9950048386;B
20240327;100434;1315.4;1;9950048974;S
20240327;100434;1315.4;99;9950048975;S
20240327;100435;1315.8;1;9950049205;B
20240327;100435;1315.8;2;9950049229;B
20240327;100436;1315.8;2;9950049302;B
20240327;100436;1315.6;2;9950049305;S
20240327;100436;1315.4;2;9950049306;S
20240327;100436;1315.8;2;9950049341;B
20240327;100436;1315.4;2;9950049348;S
20240327;100437;1315.8;2;9950049435;B
20240327;100437;1315.8;2;9950049474;B
20240327;100437;1316;2;9950049521;B
20240327;100438;1316;1;9950049717;B
20240327;100439;1316;80;9950050416;B
20240327;100440;1315.8;2;9950050606;S
20240327;100440;1315.8;2;9950050607;S
20240327;100440;1315.8;2;9950050608;S
20240327;100440;1315.6;19;9950050609;S
20240327;100440;1315.6;2;9950050648;S
20240327;100441;1315.4;1;9950050671;S
20240327;100442;1316;1;9950050919;B
20240327;100442;1316;1;9950051106;B
20240327;100443;1316;7;9950051155;B
20240327;100445;1315.6;4;9950051601;S
20240327;100445;1315.6;6;9950051602;S
20240327;100446;1315.6;2;9950051668;S
20240327;100447;1315.8;40;9950051861;S
20240327;100447;1315.6;2;9950051862;S
20240327;100447;1315.6;40;9950051863;S
20240327;100447;1315.4;18;9950051864;S
20240327;100447;1315.8;1;9950051939;S
20240327;100448;1315.8;3;9950052102;S
20240327;100448;1315.6;1;9950052103;S
20240327;100448;1315.4;38;9950052104;S
20240327;100449;1315.4;1;9950052186;S
20240327;100451;1315.4;1;9950052572;S
20240327;100452;1315.8;2;9950052728;B
20240327;100453;1315.4;5;9950053026;S
20240327;100454;1315.4;35;9950053164;S
20240327;100454;1315.4;1;9950053280;S
20240327;100455;1315.4;1;9950053422;S
20240327;100456;1315.8;4;9950053458;B
20240327;100456;1315.8;15;9950053626;B
20240327;100457;1315.8;1;9950053681;B
20240327;100457;1315.8;1;9950053747;B
20240327;100458;1315.4;1;9950053903;S
20240327;100458;1315.8;1;9950053971;B
20240327;100500;1315.8;8;9950054376;B
20240327;100500;1315.6;1;9950054394;S
20240327;100500;1315.4;1;9950054395;S
20240327;100500;1315.4;98;9950054431;S
20240327;100502;1315.8;1;9950054854;B
20240327;100502;1315.8;1;9950054855;B
20240327;100502;1315.8;3;9950054901;B
20240327;100504;1315.6;12;9950055243;S
20240327;100505;1315.6;123;9950055329;S
20240327;100506;1315.8;10;9950055486;B
20240327;100506;1315.8;1;9950055493;B
20240327;100506;1315.6;228;9950055563;S
20240327;100506;1315.6;22;9950055564;S
20240327;100508;1315.6;1;9950055788;S
20240327;100508;1315.6;3;9950055805;S
20240327;100508;1315.4;1;9950055806;S
20240327;100509;1315.8;5;9950056103;B
20240327;100510;1315.6;3;9950056239;S
20240327;100510;1315.8;1;9950056267;B
20240327;100511;1315.6;6;9950056422;S
20240327;100511;1315.8;5;9950056423;B
20240327;100511;1315.6;1;9950056466;S
20240327;100512;1315.6;100;9950056617;S
20240327;100513;1315.6;39;9950056699;S
20240327;100514;1315.6;5;9950056991;B
20240327;100515;1315.6;11;9950057073;B
20240327;100515;1315.8;4;9950057074;B
20240327;100515;1315.4;3;9950057126;S
20240327;100515;1315.4;1;9950057127;S
20240327;100515;1315.4;1;9950057128;S
20240327;100515;1315.4;3;9950057129;S
20240327;100519;1315.6;5;9950057657;S
20240327;100519;1315.6;10;9950057658;S
20240327;100519;1315.6;29;9950057666;S
20240327;100519;1315.4;27;9950057667;S
20240327;100519;1315.4;44;9950057668;S
20240327;100519;1315.8;10;9950057743;B
20240327;100521;1315.6;1;9950058082;S
20240327;100522;1315.8;1;9950058174;B
20240327;100522;1315.8;1;9950058240;B
20240327;100524;1315.6;38;9950058476;S
20240327;100524;1315.6;180;9950058477;S
20240327;100524;1315.4;156;9950058478;S
20240327;100524;1315.4;3;9950058479;S
20240327;100524;1315.4;4;9950058480;S
20240327;100524;1315.4;200;9950058481;S
20240327;100524;1315.4;10;9950058482;S
20240327;100524;1315.4;20;9950058483;S
20240327;100524;1315.4;100;9950058484;S
20240327;100524;1315.4;10;9950058485;S
20240327;100524;1315.4;25;9950058486;S
20240327;100524;1315.4;2;9950058487;S
20240327;100524;1315.4;5;9950058488;S
20240327;100524;1315.2;250;9950058489;S
20240327;100524;1315.2;50;9950058490;S
20240327;100524;1315.2;50;9950058491;S
20240327;100524;1315.2;1;9950058492;S
20240327;100524;1315.2;10;9950058493;S
20240327;100524;1315.2;1;9950058494;S
20240327;100524;1315.2;5;9950058495;S
20240327;100524;1315.2;10;9950058496;S
20240327;100524;1315.2;100;9950058497;S
20240327;100524;1315.2;46;9950058498;S
20240327;100524;1315.2;1;9950058499;S
20240327;100524;1315.2;1;9950058500;S
20240327;100524;1315.2;4;9950058501;S
20240327;100524;1315.2;65;9950058502;S
20240327;100524;1315.2;2;9950058503;S
20240327;100524;1315.2;10;9950058504;S
20240327;100524;1315.2;1;9950058505;S
20240327;100524;1315.2;1;9950058506;S
20240327;100524;1315.2;60;9950058507;S
20240327;100524;1315.2;5;9950058508;S
20240327;100524;1315;541;9950058509;S
20240327;100524;1315;10;9950058510;S
20240327;100524;1315;1;9950058511;S
20240327;100524;1315;1;9950058512;S
20240327;100524;1315;20;9950058513;S
20240327;100524;1315;5;9950058514;S
20240327;100524;1315;1;9950058515;S
20240327;100524;1315;8;9950058516;S
20240327;100524;1315;2;9950058517;S
20240327;100524;1315;1;9950058518;S
20240327;100524;1315;6;9950058519;S
20240327;100524;1315;9;9950058520;S
20240327;100524;1315;639;9950058521;S
20240327;100524;1315.6;6;9950058632;B
20240327;100525;1315.2;42;9950058772;S
20240327;100530;1315.2;2;9950059844;S
20240327;100530;1315.2;40;9950059845;S
20240327;100530;1315.2;13;9950059846;S
20240327;100530;1315.2;40;9950059847;S
20240327;100530;1315;2821;9950059848;S
20240327;100530;1315;1;9950059849;S
20240327;100530;1315;1;9950059850;S
20240327;100530;1315;3;9950059851;S
20240327;100530;1315;1;9950059852;S
20240327;100530;1315;8;9950059853;S
20240327;100530;1315;1;9950059854;S
20240327;100530;1315;5;9950059855;S
20240327;100530;1315;1;9950059856;S
20240327;100530;1315;1;9950059857;S
20240327;100530;1315;1;9950059858;S
20240327;100530;1315;14;9950059859;S
20240327;100530;1315;1;9950059860;S
20240327;100530;1315;1;9950059861;S
20240327;100530;1315;4;9950059862;S
20240327;100530;1315;2;9950059863;S
20240327;100530;1315;39;9950059864;S
20240327;100531;1315;8;9950059940;S
20240327;100531;1315.4;20;9950059941;B
20240327;100531;1315.4;1;9950060016;B
20240327;100531;1315;84;9950060032;S
20240327;100531;1315.4;4;9950060039;B
20240327;100531;1315.4;1;9950060040;B
20240327;100532;1315.4;1;9950060154;B
20240327;100533;1315.4;25;9950060347;B
20240327;100534;1315.2;1;9950060465;S
20240327;100534;1315.2;70;9950060466;S
20240327;100534;1315.2;15;9950060538;S
20240327;100536;1315.4;1;9950060830;B
20240327;100537;1315.2;2;9950061054;S
20240327;100537;1315.6;2;9950061130;B
20240327;100538;1315.6;10;9950061140;B
20240327;100538;1315.2;213;9950061217;S
20240327;100538;1315.2;200;9950061218;S
20240327;100538;1315.2;1;9950061219;S
20240327;100538;1315;91;9950061220;S
20240327;100538;1315;1;9950061221;S
20240327;100538;1315;5;9950061222;S
20240327;100538;1315;1;9950061223;S
20240327;100538;1315;1;9950061224;S
20240327;100538;1315;2;9950061225;S
20240327;100538;1315;1;9950061226;S
20240327;100538;1315;16;9950061227;S
20240327;100538;1315;3;9950061228;S
20240327;100538;1315;1;9950061229;S
20240327;100538;1315;20;9950061230;S
20240327;100538;1315;1;9950061231;S
20240327;100538;1315;10;9950061232;S
20240327;100538;1315;1;9950061233;S
20240327;100538;1315;5;9950061234;S
20240327;100538;1315;15;9950061235;S
20240327;100538;1315;23;9950061236;S
20240327;100538;1315;1;9950061237;S
20240327;100538;1315;5;9950061238;S
20240327;100538;1315;2;9950061239;S
20240327;100538;1315;1;9950061240;S
20240327;100538;1315;1;9950061241;S
20240327;100538;1315;2;9950061242;S
20240327;100538;1315;3;9950061243;S
20240327;100538;1315;5;9950061244;S
20240327;100538;1315;1;9950061245;S
20240327;100538;1315;11;9950061246;S
20240327;100538;1315;1;9950061247;S
20240327;100538;1315;2;9950061248;S
20240327;100538;1315;10;9950061249;S
20240327;100538;1315;1;9950061250;S
20240327;100538;1315;1;9950061251;S
20240327;100538;1315;1;9950061252;S
20240327;100538;1315;1;9950061253;S
20240327;100538;1315;2;9950061254;S
20240327;100538;1315;1;9950061255;S
20240327;100538;1315;20;9950061256;S
20240327;100538;1315;1;9950061257;S
20240327;100538;1315;1;9950061258;S
20240327;100538;1315;1;9950061259;S
20240327;100538;1315;1;9950061260;S
20240327;100538;1315;3;9950061261;S
20240327;100538;1315;1;9950061262;S
20240327;100538;1315;1;9950061263;S
20240327;100538;1315;2;9950061264;S
20240327;100538;1315;1;9950061265;S
20240327;100538;1315;10;9950061266;S
20240327;100538;1315;3;9950061267;S
20240327;100538;1315;1;9950061268;S
20240327;100538;1315;15;9950061269;S
20240327;100538;1315;2;9950061270;S
20240327;100538;1315;2;9950061271;S
20240327;100538;1315;1;9950061272;S
20240327;100538;1315;1;9950061273;S
20240327;100538;1315;1;9950061274;S
20240327;100538;1315;1;9950061275;S
20240327;100538;1315;1;9950061276;S
20240327;100538;1315;438;9950061277;S
20240327;100540;1315.2;18;9950061677;S
20240327;100540;1315;42;9950061678;S
20240327;100541;1315.4;10;9950061920;B
20240327;100541;1315.2;4;9950061939;S
20240327;100541;1315;41;9950061940;S
20240327;100541;1315.4;5;9950062177;B
20240327;100542;1315.4;10;9950062304;B
20240327;100545;1315.4;10;9950062797;B
20240327;100545;1315.4;2;9950062871;B
20240327;100545;1315.4;1;9950063029;B
20240327;100547;1315.4;1;9950063383;B
20240327;100547;1315.4;1;9950063411;B
20240327;100548;1315.4;1;9950063566;B
20240327;100548;1315.4;10;9950063660;B
20240327;100550;1315.2;1;9950063882;S
20240327;100550;1315.4;6;9950063894;B
20240327;100551;1315.4;3;9950064018;B
20240327;100553;1315.4;1;9950064371;B
20240327;100554;1315.4;14;9950064656;S
20240327;100554;1315.4;1;9950064657;S
20240327;100556;1315.4;5;9950065020;B
20240327;100557;1315.4;30;9950065115;B
20240327;100557;1315.2;9;9950065139;S
20240327;100557;1315.2;2;9950065140;S
20240327;100557;1315.2;20;9950065141;S
20240327;100557;1315.2;20;9950065142;S
20240327;100557;1315.2;2;9950065143;S
20240327;100557;1315.2;50;9950065144;S
20240327;100557;1315.2;97;9950065145;S
20240327;100559;1315.4;2;9950065479;B
20240327;100600;1315.4;2;9950065701;B
20240327;100601;1315.2;50;9950065955;S
20240327;100603;1315.4;1;9950066344;B
20240327;100605;1315.4;5;9950066792;B
20240327;100606;1315.4;1;9950066926;B
20240327;100606;1315.2;1;9950066961;S
20240327;100607;1315.4;7;9950067118;B
20240327;100608;1315.2;10;9950067289;S
20240327;100611;1315.4;1;9950068029;B
20240327;100611;1315.4;1;9950068071;B
20240327;100612;1315.4;1;9950068209;B
20240327;100612;1315.4;10;9950068265;B
20240327;100613;1315.2;2;9950068325;S
20240327;100613;1315.4;1;9950068561;B
20240327;100614;1315.4;5;9950068817;B
20240327;100614;1315.4;1;9950068856;B
20240327;100614;1315.2;7;9950068884;S
20240327;100616;1315.2;1;9950069147;S
20240327;100616;1315.4;2;9950069264;B
20240327;100616;1315.2;15;9950069331;S
20240327;100617;1315.4;1;9950069336;B
20240327;100617;1315.4;2;9950069488;B
20240327;100619;1315.4;10;9950069706;B
20240327;100620;1315.4;23;9950069917;B
20240327;100621;1315.4;1;9950070100;B
20240327;100622;1315.2;17;9950070113;S
20240327;100622;1315.2;2;9950070114;S
20240327;100622;1315.2;5;9950070115;S
20240327;100622;1315.2;4;9950070116;S
20240327;100622;1315.2;44;9950070117;S
20240327;100622;1315.2;3;9950070118;S
20240327;100622;1315.2;1;9950070119;S
20240327;100622;1315.2;10;9950070120;S
20240327;100622;1315.2;14;9950070121;S
20240327;100622;1315.4;1;9950070246;B
20240327;100623;1315.4;2;9950070336;B
20240327;100623;1315.4;1;9950070517;B
20240327;100624;1315.4;2;9950070592;B
20240327;100624;1315.4;9;9950070748;B
20240327;100624;1315.4;1;9950070749;B
20240327;100625;1315.4;10;9950070767;B
20240327;100625;1315.4;1;9950070880;B
20240327;100626;1315.2;10;9950070925;S
20240327;100628;1315.4;18;9950071390;B
20240327;100628;1315.4;5;9950071391;B
20240327;100628;1315.4;27;9950071392;B
20240327;100629;1315.4;4;9950071433;B
20240327;100629;1315.2;76;9950071632;S
20240327;100629;1315.2;5;9950071633;S
20240327;100629;1315.2;1;9950071634;S
20240327;100629;1315.2;12;9950071635;S
20240327;100631;1315.4;4;9950071851;B
20240327;100631;1315.4;2;9950071859;B
20240327;100633;1315.4;3;9950072079;B
20240327;100633;1315.2;10;9950072174;S
20240327;100633;1315.2;11;9950072276;S
20240327;100634;1315.2;5;9950072320;S
20240327;100635;1315.2;50;9950072478;S
20240327;100635;1315.4;1;9950072595;B
20240327;100635;1315.2;10;9950072662;S
20240327;100636;1315.4;1;9950072715;B
20240327;100637;1315.4;1;9950072859;B
20240327;100637;1315.4;1;9950072965;B
20240327;100638;1315.4;4;9950073051;B
20240327;100639;1315.2;1;9950073201;S
20240327;100639;1315.2;1;9950073202;S
20240327;100639;1315.2;2;9950073203;S
20240327;100639;1315.2;43;9950073204;S
20240327;100639;1315.2;3;9950073205;S
20240327;100640;1315.4;10;9950073420;B
20240327;100643;1315.4;1;9950073883;B
20240327;100643;1315.4;10;9950073966;B
20240327;100644;1315.4;4;9950074088;B
20240327;100644;1315.4;1;9950074117;B
20240327;100645;1315.4;30;9950074190;B
20240327;100646;1315.2;1;9950074327;S
20240327;100646;1315.2;1;9950074328;S
20240327;100646;1315.2;12;9950074339;S
20240327;100648;1315.4;5;9950074608;B
20240327;100648;1315.4;5;9950074621;B
20240327;100648;1315.4;10;9950074622;B
20240327;100648;1315.4;2;9950074708;B
20240327;100649;1315.4;1;9950074772;B
20240327;100649;1315.4;5;9950074891;B
20240327;100651;1315.4;1;9950075087;B
20240327;100651;1315.2;5;9950075105;S
20240327;100652;1315.4;50;9950075263;B
20240327;100652;1315.4;2;9950075274;B
20240327;100652;1315.4;2;9950075320;B
20240327;100653;1315.2;32;9950075562;S
20240327;100653;1315.2;7;9950075563;S
20240327;100654;1315.4;5;9950075638;B
20240327;100655;1315.4;13;9950075764;B
20240327;100656;1315.4;1;9950075875;B
20240327;100656;1315.4;2;9950075899;B
20240327;100656;1315.4;5;9950075900;B
20240327;100657;1315.4;30;9950076052;B
20240327;100700;1315.4;2;9950076501;B
20240327;100700;1315.2;3;9950076531;S
20240327;100701;1315.2;10;9950076692;S
20240327;100701;1315.2;14;9950076693;S
20240327;100701;1315.2;43;9950076694;S
20240327;100701;1315.2;2;9950076695;S
20240327;100701;1315.2;1;9950076696;S
20240327;100701;1315.2;1;9950076697;S
20240327;100701;1315.2;60;9950076698;S
20240327;100701;1315.2;10;9950076699;S
20240327;100701;1315.2;10;9950076700;S
20240327;100701;1315.2;1;9950076701;S
20240327;100701;1315.2;25;9950076702;S
20240327;100701;1315.2;228;9950076703;S
20240327;100701;1315.2;136;9950076704;S
20240327;100701;1315;205;9950076705;S
20240327;100701;1315;224;9950076706;S
20240327;100701;1315;5;9950076707;S
20240327;100701;1315;33;9950076708;S
20240327;100701;1315;2;9950076709;S
20240327;100701;1315;778;9950076710;S
20240327;100701;1315;1;9950076711;S
20240327;100701;1315;6;9950076712;S
20240327;100701;1315;1;9950076713;S
20240327;100701;1315;1;9950076714;S
20240327;100701;1315;15;9950076715;S
20240327;100701;1315;50;9950076716;S
20240327;100701;1315;1;9950076717;S
20240327;100701;1315;20;9950076718;S
20240327;100701;1315;5;9950076719;S
20240327;100701;1315;1;9950076720;S
20240327;100701;1315;2;9950076721;S
20240327;100701;1315;15;9950076722;S
20240327;100701;1315;1;9950076723;S
20240327;100701;1315;5;9950076724;S
20240327;100701;1315;1;9950076725;S
20240327;100701;1315;1;9950076726;S
20240327;100701;1315;1;9950076727;S
20240327;100701;1315;1;9950076728;S
20240327;100701;1315;10;9950076729;S
20240327;100701;1315;1;9950076730;S
20240327;100701;1315;10;9950076731;S
20240327;100701;1315;1;9950076732;S
20240327;100701;1315;1;9950076733;S
20240327;100701;1315;1;9950076734;S
20240327;100701;1315;2;9950076735;S
20240327;100701;1315;2;9950076736;S
20240327;100701;1315;20;9950076737;S
20240327;100701;1315;33;9950076738;S
20240327;100701;1315;1;9950076739;S
20240327;100701;1315;3;9950076740;S
20240327;100701;1315;5;9950076741;S
20240327;100701;1315;1;9950076742;S
20240327;100701;1315;1;9950076743;S
20240327;100701;1315;1;9950076744;S
20240327;100701;1315;1;9950076745;S
20240327;100701;1315;1;9950076746;S
20240327;100701;1315;1;9950076747;S
20240327;100701;1315;1;9950076748;S
20240327;100701;1315;1;9950076749;S
20240327;100701;1315;22;9950076750;S
20240327;100701;1315;1;9950076751;S
20240327;100701;1315;5;9950076752;S
20240327;100701;1315;1;9950076753;S
20240327;100701;1315;1;9950076754;S
20240327;100701;1315;3;9950076755;S
20240327;100701;1315;2;9950076756;S
20240327;100701;1315;1;9950076757;S
20240327;100701;1315;5;9950076758;S
20240327;100701;1315;1;9950076759;S
20240327;100701;1315;5;9950076760;S
20240327;100701;1315;150;9950076761;S
20240327;100701;1315;3;9950076762;S
20240327;100701;1315;1;9950076763;S
20240327;100701;1315;10;9950076764;S
20240327;100701;1315;1;9950076765;S
20240327;100701;1315;1;9950076766;S
20240327;100701;1315;1;9950076767;S
20240327;100701;1315;1;9950076768;S
20240327;100701;1315;1;9950076769;S
20240327;100701;1315;1;9950076770;S
20240327;100701;1315;10;9950076771;S
20240327;100701;1315;2;9950076772;S
20240327;100701;1315;2;9950076773;S
20240327;100701;1315;2;9950076774;S
20240327;100701;1315;1;9950076775;S
20240327;100701;1315;1;9950076776;S
20240327;100701;1315;1;9950076777;S
20240327;100701;1315;5;9950076778;S
20240327;100701;1315;1;9950076779;S
20240327;100701;1315;1;9950076780;S
20240327;100701;1315;1;9950076781;S
20240327;100701;1315;1;9950076782;S
20240327;100701;1315;1;9950076783;S
20240327;100701;1315;40;9950076784;S
20240327;100703;1315;11;9950077173;S
20240327;100703;1315.4;10;9950077207;B
20240327;100703;1315.4;4;9950077210;B
20240327;100704;1315.4;1;9950077400;B
20240327;100704;1315;9;9950077480;S
20240327;100704;1315;4;9950077481;S
20240327;100704;1315;3;9950077482;S
20240327;100704;1315;1;9950077483;S
20240327;100704;1315;2;9950077484;S
20240327;100704;1315;2;9950077485;S
20240327;100704;1315;1;9950077486;S
20240327;100704;1315;1;9950077487;S
20240327;100704;1315;1;9950077488;S
20240327;100704;1315;1;9950077489;S
20240327;100704;1315;15;9950077490;S
20240327;100705;1315.4;2;9950077675;B
20240327;100706;1315;55;9950077794;S
20240327;100706;1315;300;9950077795;S
20240327;100706;1315;2;9950077796;S
20240327;100706;1315;2;9950077797;S
20240327;100706;1315;1;9950077798;S
20240327;100706;1315;2;9950077799;S
20240327;100706;1315;1;9950077800;S
20240327;100706;1315;2;9950077801;S
20240327;100706;1315;575;9950077802;S
20240327;100707;1315;4;9950077853;S
20240327;100707;1315;421;9950077947;S
20240327;100707;1315;1;9950077948;S
20240327;100707;1315;1;9950077949;S
20240327;100707;1315;1;9950077950;S
20240327;100707;1315;1;9950077951;S
20240327;100707;1315;3;9950077952;S
20240327;100707;1315;5;9950077953;S
20240327;100707;1315;1;9950077954;S
20240327;100707;1315;1;9950077955;S
20240327;100707;1315;1;9950077956;S
20240327;100707;1315;1;9950077957;S
20240327;100707;1315;1;9950077958;S
20240327;100707;1315;1;9950077959;S
20240327;100707;1315;1;9950077960;S
20240327;100707;1315;4;9950077961;S
20240327;100708;1315;22;9950078015;S
20240327;100708;1315;85;9950078071;S
20240327;100708;1315;4;9950078072;S
20240327;100708;1315;4;9950078073;S
20240327;100708;1315;15;9950078074;S
20240327;100708;1315;3;9950078075;S
20240327;100708;1315;2;9950078076;S
20240327;100708;1315;2;9950078077;S
20240327;100708;1315;1;9950078078;S
20240327;100708;1315;2;9950078079;S
20240327;100708;1315;1;9950078080;S
20240327;100708;1315;5;9950078081;S
20240327;100708;1315;2;9950078082;S
20240327;100708;1315;1;9950078083;S
20240327;100708;1315;4;9950078084;S
20240327;100708;1315;1;9950078085;S
20240327;100708;1315;1;9950078086;S
20240327;100708;1315;1;9950078087;S
20240327;100708;1315;10;9950078088;S
20240327;100708;1315;10;9950078089;S
20240327;100708;1315;20;9950078090;S
20240327;100708;1315;1;9950078091;S
20240327;100708;1315;1;9950078092;S
20240327;100708;1315;20;9950078093;S
20240327;100708;1315;1;9950078094;S
20240327;100708;1315;1;9950078095;S
20240327;100708;1315;1;9950078096;S
20240327;100708;1314.8;4;9950078097;S
20240327;100708;1315;1;9950078118;B
20240327;100708;1314.8;1;9950078133;S
20240327;100708;1314.8;1;9950078134;S
20240327;100708;1314.8;1;9950078135;S
20240327;100708;1314.8;1;9950078136;S
20240327;100708;1314.8;5;9950078137;S
20240327;100708;1314.8;1;9950078138;S
20240327;100708;1314.8;1;9950078139;S
20240327;100708;1314.8;1;9950078140;S
20240327;100708;1314.8;1;9950078141;S
20240327;100708;1314.8;3;9950078142;S
20240327;100708;1314.8;2;9950078143;S
20240327;100708;1314.8;5;9950078144;S
20240327;100708;1314.8;40;9950078145;S
20240327;100708;1314.8;200;9950078146;S
20240327;100708;1314.8;33;9950078147;S
20240327;100708;1314.6;5;9950078148;S
20240327;100708;1314.6;1;9950078149;S
20240327;100708;1314.6;6;9950078150;S
20240327;100708;1314.6;2;9950078151;S
20240327;100708;1314.6;1;9950078152;S
20240327;100708;1314.6;1;9950078153;S
20240327;100708;1314.6;20;9950078154;S
20240327;100708;1314.6;1;9950078155;S
20240327;100708;1314.6;100;9950078156;S
20240327;100708;1314.6;50;9950078157;S
20240327;100708;1314.6;44;9950078158;S
20240327;100708;1314.4;5;9950078159;S
20240327;100708;1314.4;10;9950078160;S
20240327;100708;1314.4;5;9950078161;S
20240327;100708;1314.4;1;9950078162;S
20240327;100708;1314.4;2;9950078163;S
20240327;100708;1314.4;60;9950078164;S
20240327;100708;1314.4;12;9950078165;S
20240327;100708;1314.4;1;9950078166;S
20240327;100708;1314.2;5;9950078167;S
20240327;100708;1314.2;5;9950078168;S
20240327;100708;1314.2;1;9950078169;S
20240327;100708;1314.2;1;9950078170;S
20240327;100708;1314.2;1;9950078171;S
20240327;100708;1314.2;2;9950078172;S
20240327;100708;1314.2;2;9950078173;S
20240327;100708;1314.2;5;9950078174;S
20240327;100708;1314.2;3;9950078175;S
20240327;100708;1314.2;2;9950078176;S
20240327;100708;1314.2;1;9950078177;S
20240327;100708;1314.2;1;9950078178;S
20240327;100708;1314.2;1;9950078179;S
20240327;100708;1314.2;4;9950078180;S
20240327;100708;1314.2;100;9950078181;S
20240327;100708;1314.2;3;9950078182;S
20240327;100708;1314.2;4;9950078183;S
20240327;100708;1314.2;1;9950078184;S
20240327;100708;1314.2;136;9950078185;S
20240327;100708;1314;5;9950078186;S
20240327;100708;1314;1;9950078187;S
20240327;100708;1314;8;9950078188;S
20240327;100708;1314;1;9950078189;S
20240327;100708;1314;1;9950078190;S
20240327;100708;1314;2;9950078191;S
20240327;100708;1314;1;9950078192;S
20240327;100708;1314;12;9950078193;S
20240327;100708;1314;1;9950078194;S
20240327;100708;1314;113;9950078195;S
20240327;100708;1314.6;25;9950078196;B
20240327;100708;1314.8;10;9950078197;B
20240327;100708;1314.8;65;9950078198;B
20240327;100708;1314.4;25;9950078206;B
20240327;100708;1314.4;2;9950078207;S
20240327;100708;1314.2;65;9950078208;S
20240327;100708;1314;33;9950078209;S
20240327;100708;1314;4;9950078230;S
20240327;100708;1314;2;9950078231;S
20240327;100708;1314;1;9950078232;S
20240327;100708;1314;1;9950078233;S
20240327;100708;1314;1;9950078234;S
20240327;100708;1314;1;9950078235;S
20240327;100708;1314.2;100;9950078236;B
20240327;100708;1314;5;9950078248;S
20240327;100708;1314;1;9950078249;S
20240327;100708;1314;1;9950078250;S
20240327;100708;1314;1;9950078251;S
20240327;100708;1314;1;9950078252;S
20240327;100708;1314;71;9950078253;S
20240327;100709;1314.4;3;9950078272;B
20240327;100709;1314;100;9950078279;S
20240327;100709;1314;9;9950078301;S
20240327;100709;1314;320;9950078322;S
20240327;100709;1314;10;9950078323;S
20240327;100709;1314;4;9950078324;S
20240327;100709;1314;1;9950078325;S
20240327;100709;1314;1;9950078326;S
20240327;100709;1314;71;9950078327;S
20240327;100709;1314;1;9950078328;S
20240327;100709;1314;10;9950078329;S
20240327;100709;1314;1;9950078330;S
20240327;100709;1314;100;9950078331;S
20240327;100709;1314;100;9950078332;S
20240327;100709;1314;1;9950078333;S
20240327;100709;1314;2;9950078334;S
20240327;100709;1314;1;9950078335;S
20240327;100709;1314;2;9950078336;S
20240327;100709;1314;10;9950078337;S
20240327;100709;1314;3;9950078338;S
20240327;100709;1314;1;9950078339;S
20240327;100709;1314;2;9950078340;S
20240327;100709;1314;31;9950078341;S
20240327;100709;1314;1;9950078342;S
20240327;100709;1314;1;9950078343;S
20240327;100709;1314;1;9950078344;S
20240327;100709;1314;3;9950078345;S
20240327;100709;1314;1;9950078346;S
20240327;100709;1314;25;9950078347;S
20240327;100709;1314;1;9950078348;S
20240327;100709;1314;1;9950078349;S
20240327;100709;1314;1;9950078350;S
20240327;100709;1314;1;9950078351;S
20240327;100709;1314;20;9950078352;S
20240327;100709;1314;1;9950078353;S
20240327;100709;1314;150;9950078354;S
20240327;100709;1314;2;9950078355;S
20240327;100709;1314;20;9950078356;S
20240327;100709;1314;1;9950078357;S
20240327;100709;1314;9;9950078358;S
20240327;100709;1314;2;9950078359;S
20240327;100709;1314;2;9950078360;S
20240327;100709;1314;1;9950078361;S
20240327;100709;1314;34;9950078362;S
20240327;100709;1314;16;9950078387;S
20240327;100709;1314;3;9950078388;S
20240327;100709;1314;1;9950078389;S
20240327;100709;1314;1;9950078390;S
20240327;100709;1314;50;9950078391;S
20240327;100709;1314.4;1;9950078411;B
20240327;100709;1314.4;5;9950078423;B
20240327;100709;1314.2;40;9950078450;B
20240327;100709;1314.4;1;9950078454;B
20240327;100709;1314;50;9950078455;S
20240327;100709;1314;5;9950078456;S
20240327;100709;1314;5;9950078457;S
20240327;100709;1314;100;9950078458;S
20240327;100709;1314;1;9950078459;S
20240327;100709;1314;59;9950078460;S
20240327;100709;1314.2;70;9950078481;S
20240327;100709;1314.4;5;9950078482;B
20240327;100709;1314.2;30;9950078493;S
20240327;100709;1314.2;50;9950078494;S
20240327;100709;1314;131;9950078495;S
20240327;100709;1314.2;1;9950078502;B
20240327;100710;1314.2;1;9950078563;B
20240327;100710;1314;38;9950078608;S
20240327;100710;1314;8;9950078609;S
20240327;100710;1314;1;9950078610;S
20240327;100710;1314;2;9950078611;S
20240327;100710;1314;1;9950078612;S
20240327;100710;1314;20;9950078613;S
20240327;100710;1314;1;9950078614;S
20240327;100710;1314;1;9950078615;S
20240327;100710;1314;10;9950078616;S
20240327;100710;1314;1;9950078617;S
20240327;100710;1314;1;9950078618;S
20240327;100710;1314;250;9950078619;S
20240327;100710;1314;10;9950078620;S
20240327;100710;1314;1;9950078621;S
20240327;100710;1314;1;9950078622;S
20240327;100710;1314;1;9950078623;S
20240327;100710;1314;1;9950078624;S
20240327;100710;1314;1;9950078625;S
20240327;100710;1314;5;9950078626;S
20240327;100710;1314;1;9950078627;S
20240327;100710;1314;5;9950078628;S
20240327;100710;1314;20;9950078629;S
20240327;100710;1314;10;9950078630;S
20240327;100710;1314;1;9950078631;S
20240327;100710;1314;1;9950078632;S
20240327;100710;1314;1;9950078633;S
20240327;100710;1314;3;9950078634;S
20240327;100710;1314;1;9950078635;S
20240327;100710;1314;14;9950078636;S
20240327;100710;1314;1;9950078637;S
20240327;100710;1314;78;9950078638;S
20240327;100710;1314.2;1;9950078664;B
20240327;100711;1314;78;9950078796;S
20240327;100711;1314;3;9950078813;S
20240327;100712;1314.2;1;9950079026;B
20240327;100712;1314.2;75;9950079045;B
20240327;100712;1314.2;1;9950079082;B
20240327;100712;1314.2;1;9950079110;B
20240327;100712;1314.2;1;9950079160;B
20240327;100713;1314.2;1;9950079243;B
20240327;100713;1314.2;1;9950079280;B
20240327;100715;1314;10;9950079626;S
20240327;100715;1314.2;1;9950079781;B
20240327;100718;1314.2;1;9950080334;B
20240327;100718;1314;12;9950080410;S
20240327;100720;1314.2;5;9950080750;B
20240327;100721;1314;10;9950080860;S
20240327;100722;1314;7;9950081023;S
20240327;100722;1314;100;9950081041;S
20240327;100722;1314.2;2;9950081103;B
20240327;100723;1314;100;9950081229;S
20240327;100723;1314.2;2;9950081279;B
20240327;100724;1314;3;9950081436;S
20240327;100724;1314.2;15;9950081441;B
20240327;100724;1314.2;46;9950081442;B
20240327;100724;1314.4;39;9950081443;B
20240327;100724;1314;99;9950081480;S
20240327;100724;1314;1;9950081481;S
20240327;100726;1314.2;1;9950081854;B
20240327;100726;1314.2;1;9950081869;B
20240327;100727;1314;1;9950082057;S
20240327;100727;1314;1;9950082058;S
20240327;100727;1314;2;9950082059;S
20240327;100727;1314;1;9950082060;S
20240327;100727;1314;49;9950082061;S
20240327;100727;1314;10;9950082062;S
20240327;100727;1314;1;9950082063;S
20240327;100727;1314;5;9950082064;S
20240327;100727;1314;1;9950082065;S
20240327;100727;1314;2;9950082066;S
20240327;100727;1314;2;9950082067;S
20240327;100727;1314;1;9950082068;S
20240327;100727;1314;4;9950082069;S
20240327;100727;1314;5;9950082070;S
20240327;100727;1314;3;9950082071;S
20240327;100727;1314;5;9950082072;S
20240327;100727;1314;1;9950082073;S
20240327;100727;1314;10;9950082074;S
20240327;100727;1314;20;9950082075;S
20240327;100727;1314;5;9950082076;S
20240327;100727;1313.8;1;9950082077;S
20240327;100727;1313.8;1;9950082078;S
20240327;100727;1313.8;1;9950082079;S
20240327;100727;1313.8;1;9950082080;S
20240327;100727;1313.8;2;9950082081;S
20240327;100727;1313.8;2;9950082082;S
20240327;100727;1313.8;1;9950082083;S
20240327;100727;1313.8;48;9950082084;S
20240327;100727;1313.8;14;9950082085;S
20240327;100727;1313.8;1;9950082089;S
20240327;100727;1313.6;1;9950082090;S
20240327;100727;1313.6;8;9950082091;S
20240327;100727;1313.6;100;9950082092;S
20240327;100727;1313.6;1;9950082093;S
20240327;100727;1313.6;5;9950082094;S
20240327;100727;1313.6;2;9950082095;S
20240327;100727;1313.6;1;9950082096;S
20240327;100727;1313.6;154;9950082097;S
20240327;100727;1313.6;1;9950082098;S
20240327;100727;1313.6;260;9950082099;S
20240327;100727;1313.6;60;9950082100;S
20240327;100727;1313.6;1;9950082101;S
20240327;100727;1313.6;1;9950082102;S
20240327;100727;1313.4;1;9950082103;S
20240327;100727;1313.4;2;9950082104;S
20240327;100727;1313.4;1;9950082105;S
20240327;100727;1313.4;5;9950082106;S
20240327;100727;1313.4;1;9950082107;S
20240327;100727;1313.4;2;9950082108;S
20240327;100727;1313.4;20;9950082109;S
20240327;100727;1313.4;10;9950082110;S
20240327;100727;1313.4;1;9950082111;S
20240327;100727;1313.4;60;9950082112;S
20240327;100727;1313.4;12;9950082113;S
20240327;100727;1313.4;1;9950082114;S
20240327;100727;1313.4;46;9950082115;S
20240327;100727;1313.4;60;9950082116;S
20240327;100727;1313.2;1;9950082117;S
20240327;100727;1313.2;1;9950082118;S
20240327;100727;1313.2;5;9950082119;S
20240327;100727;1313.2;1;9950082120;S
20240327;100727;1313.2;1;9950082121;S
20240327;100727;1313.2;30;9950082122;S
20240327;100727;1313.2;10;9950082123;S
20240327;100727;1313.2;1;9950082124;S
20240327;100727;1313.2;1;9950082125;S
20240327;100727;1313.2;2;9950082126;S
20240327;100727;1313.2;2;9950082127;S
20240327;100727;1313.2;1;9950082128;S
20240327;100727;1313.2;1;9950082129;S
20240327;100727;1313.2;1;9950082130;S
20240327;100727;1313.2;1;9950082131;S
20240327;100727;1313.2;5;9950082132;S
20240327;100727;1313.2;1;9950082133;S
20240327;100727;1313.2;1;9950082134;S
20240327;100727;1313.2;5;9950082135;S
20240327;100727;1313.2;80;9950082136;S
20240327;100727;1313.2;10;9950082137;S
20240327;100727;1313.2;1;9950082138;S
20240327;100727;1313.2;1;9950082139;S
20240327;100727;1313.2;19;9950082140;S
20240327;100727;1313.8;15;9950082146;B
20240327;100728;1313.6;1;9950082210;S
20240327;100728;1313.4;5;9950082211;S
20240327;100728;1313.4;27;9950082212;S
20240327;100728;1313.4;3;9950082222;S
20240327;100728;1313.8;1;9950082224;B
20240327;100728;1313.6;21;9950082266;S
20240327;100728;1313.4;4;9950082267;S
20240327;100728;1313.4;15;9950082268;S
20240327;100728;1313.4;6;9950082280;S
20240327;100728;1313.4;10;9950082289;S
20240327;100729;1313.8;9;9950082308;B
20240327;100729;1313.8;2;9950082309;B
20240327;100729;1313.8;12;9950082310;B
20240327;100729;1314;27;9950082311;B
20240327;100729;1314;10;9950082324;B
20240327;100729;1314;20;9950082358;B
20240327;100729;1314;60;9950082414;B
20240327;100729;1314;45;9950082415;B
20240327;100729;1314;25;9950082416;B
20240327;100729;1314.4;1;9950082428;B
20240327;100730;1314;20;9950082455;S
20240327;100730;1313.6;1;9950082456;S
20240327;100730;1313.6;1;9950082457;S
20240327;100730;1314.2;5;9950082520;B
20240327;100730;1314.2;7;9950082554;B
20240327;100730;1314.2;3;9950082555;B
20240327;100731;1314;1;9950082654;S
20240327;100731;1314;9;9950082669;S
20240327;100731;1314;1;9950082670;S
20240327;100731;1314;1;9950082758;B
20240327;100732;1314;11;9950082773;B
20240327;100732;1314;9;9950082774;B
20240327;100733;1314.2;10;9950082937;B
20240327;100733;1313.8;3;9950083087;S
20240327;100733;1314.4;15;9950083117;B
20240327;100734;1313.8;1;9950083171;S
20240327;100734;1313.8;6;9950083179;S
20240327;100734;1313.6;44;9950083180;S
20240327;100734;1313.6;60;9950083181;S
20240327;100734;1313.4;29;9950083182;S
20240327;100734;1313.4;1;9950083183;S
20240327;100734;1313.4;1;9950083184;S
20240327;100734;1313.4;1;9950083185;S
20240327;100734;1313.4;10;9950083186;S
20240327;100734;1313.4;12;9950083187;S
20240327;100734;1313.4;109;9950083188;S
20240327;100734;1313.4;25;9950083189;S
20240327;100734;1313.4;150;9950083190;S
20240327;100734;1313.2;22;9950083191;S
20240327;100734;1314;1;9950083304;S
20240327;100734;1313.8;1;9950083305;S
20240327;100734;1313.4;10;9950083306;S
20240327;100735;1314;1;9950083333;B
20240327;100736;1313.4;12;9950083569;S
20240327;100736;1313.4;58;9950083570;S
20240327;100736;1313.2;72;9950083598;S
20240327;100736;1314;1;9950083629;B
20240327;100737;1313.8;25;9950083694;B
20240327;100737;1314;10;9950083695;B
20240327;100737;1314;15;9950083696;B
20240327;100737;1313.2;137;9950083773;S
20240327;100737;1313.2;1;9950083774;S
20240327;100737;1313.2;2;9950083775;S
20240327;100737;1313.2;1;9950083776;S
20240327;100737;1313.2;50;9950083777;S
20240327;100737;1313.2;20;9950083778;S
20240327;100737;1313.8;12;9950083789;B
20240327;100737;1314;18;9950083790;B
20240327;100738;1314;1;9950083947;B
20240327;100739;1314;5;9950083977;B
20240327;100739;1313.4;18;9950084099;S
20240327;100739;1313.4;77;9950084100;S
20240327;100740;1314;6;9950084110;B
20240327;100740;1314;15;9950084124;B
20240327;100740;1313.4;60;9950084132;S
20240327;100740;1313.4;25;9950084133;S
20240327;100740;1313.4;7;9950084140;S
20240327;100740;1313.4;3;9950084141;S
20240327;100740;1314;5;9950084145;B
20240327;100740;1314;3;9950084167;B
20240327;100740;1314;3;9950084231;B
20240327;100740;1313.4;4;9950084235;S
20240327;100741;1314;1;9950084279;B
20240327;100741;1313.6;100;9950084296;S
20240327;100742;1314;2;9950084370;B
20240327;100742;1314;1;9950084472;B
20240327;100742;1313.4;64;9950084502;S
20240327;100743;1314;10;9950084545;B
20240327;100743;1313.4;80;9950084607;S
20240327;100743;1314;10;9950084671;B
20240327;100744;1314;7;9950084711;B
20240327;100745;1314;2;9950084912;B
20240327;100745;1314;10;9950084951;B
20240327;100745;1313.8;2;9950085067;S
20240327;100745;1313.6;43;9950085068;S
20240327;100745;1313.4;2;9950085069;S
20240327;100745;1313.4;16;9950085070;S
20240327;100745;1313.4;1;9950085071;S
20240327;100745;1313.4;12;9950085072;S
20240327;100745;1313.4;24;9950085073;S
20240327;100745;1313.4;1;9950085085;S
20240327;100746;1314;10;9950085187;B
20240327;100746;1314;2;9950085193;B
20240327;100746;1313.8;2;9950085301;S
20240327;100746;1313.4;19;9950085302;S
20240327;100746;1314;2;9950085323;B
20240327;100747;1314;2;9950085378;B
20240327;100747;1314;1;9950085453;B
20240327;100748;1314;1;9950085488;B
20240327;100748;1314;2;9950085511;B
20240327;100748;1313.8;2;9950085532;S
20240327;100748;1313.6;6;9950085533;S
20240327;100748;1314;3;9950085576;B
20240327;100748;1314;2;9950085579;B
20240327;100748;1313.4;8;9950085663;S
20240327;100748;1313.4;10;9950085664;S
20240327;100748;1313.2;40;9950085665;S
20240327;100748;1313.2;1;9950085666;S
20240327;100748;1313.2;100;9950085667;S
20240327;100748;1313.2;100;9950085668;S
20240327;100748;1313.2;4;9950085669;S
20240327;100748;1313.2;1;9950085670;S
20240327;100748;1313.2;1;9950085671;S
20240327;100748;1313.2;100;9950085672;S
20240327;100748;1313.2;1;9950085673;S
20240327;100748;1313.2;1;9950085674;S
20240327;100748;1313.2;1;9950085675;S
20240327;100748;1313.2;1;9950085676;S
20240327;100748;1313.2;12;9950085677;S
20240327;100748;1313.2;179;9950085678;S
20240327;100748;1313.6;25;9950085683;B
20240327;100748;1313.8;75;9950085684;B
20240327;100749;1313.8;2;9950085734;B
20240327;100749;1313.8;2;9950085787;B
20240327;100751;1313.8;8;9950086054;B
20240327;100751;1313.8;2;9950086055;B
20240327;100751;1313.4;4;9950086066;S
20240327;100751;1313.8;15;9950086086;B
20240327;100751;1313.8;3;9950086089;B
20240327;100752;1313.8;5;9950086099;B
20240327;100752;1313.8;1;9950086115;B
20240327;100755;1313.8;1;9950086496;B
20240327;100756;1313.6;3;9950086614;S
20240327;100756;1313.6;1;9950086615;S
20240327;100756;1313.6;5;9950086616;S
20240327;100756;1313.4;61;9950086617;S
20240327;100757;1313.4;10;9950086700;S
20240327;100757;1313.4;5;9950086701;S
20240327;100757;1313.4;2;9950086702;S
20240327;100757;1313.4;5;9950086703;S
20240327;100757;1313.4;4;9950086704;S
20240327;100757;1313.8;2;9950086720;B
20240327;100757;1313.8;1;9950086755;B
20240327;100758;1313.8;15;9950086973;B
20240327;100758;1313.8;22;9950086974;B
20240327;100759;1313.8;1;9950087026;B
20240327;100800;1313.4;1;9950087178;S
20240327;100801;1313.8;2;9950087368;B
20240327;100801;1313.8;23;9950087369;B
20240327;100802;1313.8;191;9950087452;B
20240327;100802;1313.8;9;9950087453;B
20240327;100802;1314;1;9950087471;B
20240327;100802;1313.4;4;9950087473;S
20240327;100803;1314;1;9950087694;B
20240327;100803;1313.6;1;9950087723;S
20240327;100803;1313.4;1;9950087724;S
20240327;100803;1313.4;12;9950087725;S
20240327;100803;1314;1;9950087768;B
20240327;100804;1314;4;9950087852;B
20240327;100804;1314;1;9950087853;B
20240327;100805;1313.8;16;9950088005;S
20240327;100805;1313.6;4;9950088006;S
20240327;100806;1313.8;5;9950088098;S
20240327;100806;1313.4;67;9950088099;S
20240327;100806;1313.4;1;9950088100;S
20240327;100806;1313.4;1;9950088101;S
20240327;100806;1313.4;2;9950088144;S
20240327;100806;1313.4;14;9950088145;S
20240327;100806;1313.8;10;9950088233;B
20240327;100806;1313.8;5;9950088238;B
20240327;100806;1313.8;5;9950088240;B
20240327;100807;1313.4;6;9950088350;S
20240327;100807;1313.4;12;9950088351;S
20240327;100807;1313.4;214;9950088352;S
20240327;100807;1313.4;50;9950088353;S
20240327;100807;1313.4;50;9950088354;S
20240327;100807;1313.4;1;9950088355;S
20240327;100807;1313.4;1;9950088356;S
20240327;100807;1313.4;1;9950088357;S
20240327;100807;1313.2;521;9950088358;S
20240327;100807;1313.2;20;9950088359;S
20240327;100807;1313.2;1;9950088360;S
20240327;100807;1313.2;50;9950088361;S
20240327;100807;1313.2;7;9950088362;S
20240327;100807;1313.2;1;9950088363;S
20240327;100807;1313.2;25;9950088364;S
20240327;100807;1313.2;5;9950088365;S
20240327;100807;1313.2;72;9950088366;S
20240327;100809;1313.6;25;9950088727;B
20240327;100809;1313.6;2;9950088728;B
20240327;100810;1313.6;6;9950088749;B
20240327;100810;1313.4;3;9950088753;S
20240327;100810;1313.2;2;9950088754;S
20240327;100810;1313.6;1;9950088816;B
20240327;100811;1313.2;26;9950088875;S
20240327;100811;1313.2;3;9950088876;S
20240327;100811;1313.2;71;9950088877;S
20240327;100811;1313.2;20;9950088929;S
20240327;100812;1313.2;1;9950089155;S
20240327;100813;1313.2;1;9950089236;S
20240327;100814;1313.2;46;9950089334;S
20240327;100814;1313.4;2;9950089385;B
20240327;100815;1313.4;3;9950089461;B
20240327;100815;1313.4;25;9950089462;B
20240327;100815;1313.4;22;9950089463;B
20240327;100815;1313.2;18;9950089503;S
20240327;100815;1313.2;1;9950089504;S
20240327;100817;1313.6;1;9950089695;B
20240327;100818;1313.6;43;9950089847;B
20240327;100818;1313.8;7;9950089848;B
20240327;100818;1313.4;11;9950089897;S
20240327;100818;1313.4;22;9950089913;S
20240327;100819;1313.8;3;9950090034;B
20240327;100820;1313.8;2;9950090202;B
20240327;100820;1313.8;8;9950090203;B
20240327;100822;1313.8;25;9950090521;B
20240327;100822;1313.8;76;9950090526;B
20240327;100822;1313.8;1;9950090527;B
20240327;100823;1313.8;1;9950090648;B
20240327;100823;1313.8;1;9950090702;B
20240327;100823;1313.8;1;9950090751;B
20240327;100824;1313.8;2;9950090851;B
20240327;100824;1313.6;1;9950090867;S
20240327;100824;1313.8;76;9950090896;B
20240327;100825;1313.8;1;9950090949;B
20240327;100826;1313.8;1;9950091163;B
20240327;100826;1313.8;3;9950091227;B
20240327;100827;1313.8;2;9950091340;B
20240327;100828;1313.6;4;9950091391;S
20240327;100828;1313.8;1;9950091469;B
20240327;100828;1313.8;4;9950091502;B
20240327;100829;1313.6;1;9950091503;S
20240327;100829;1313.8;2;9950091506;B
20240327;100829;1313.6;64;9950091546;S
20240327;100829;1313.6;36;9950091547;S
20240327;100830;1313.8;1;9950091635;B
20240327;100830;1313.8;5;9950091653;B
20240327;100830;1313.8;1;9950091655;B
20240327;100830;1313.6;2;9950091660;S
20240327;100830;1313.8;58;9950091666;B
20240327;100830;1313.8;41;9950091667;B
20240327;100830;1314;4;9950091668;B
20240327;100830;1314;147;9950091669;B
20240327;100831;1313.8;1;9950091844;S
20240327;100831;1313.6;169;9950091845;S
20240327;100831;1313.6;4;9950091856;S
20240327;100832;1314;15;9950091936;B
20240327;100832;1314;1;9950091959;B
20240327;100833;1313.8;70;9950092265;S
20240327;100833;1313.6;105;9950092266;S
20240327;100834;1314;1;9950092459;B
20240327;100835;1313.8;3;9950092537;B
20240327;100835;1313.8;188;9950092538;B
20240327;100835;1314;86;9950092539;B
20240327;100836;1313.6;1;9950092650;S
20240327;100836;1314;50;9950092756;B
20240327;100837;1314;7;9950092811;B
20240327;100838;1314;2;9950092951;B
20240327;100838;1314;114;9950092961;B
20240327;100839;1314;1;9950093019;B
20240327;100839;1314;1;9950093022;B
20240327;100839;1314;2;9950093024;B
20240327;100839;1313.8;1;9950093044;S
20240327;100839;1313.6;9;9950093045;S
20240327;100841;1313.6;46;9950093251;S
20240327;100841;1313.6;228;9950093252;S
20240327;100841;1313.4;17;9950093253;S
20240327;100841;1313.4;5;9950093254;S
20240327;100841;1313.4;104;9950093255;S
20240327;100841;1314;1;9950093258;B
20240327;100842;1314;2;9950093549;B
20240327;100843;1314;1;9950093629;B
20240327;100844;1314;1;9950093699;B
20240327;100847;1313.6;1;9950094142;S
20240327;100847;1313.8;1;9950094251;B
20240327;100848;1313.8;10;9950094366;B
20240327;100849;1313.8;1;9950094402;B
20240327;100849;1313.6;11;9950094470;S
20240327;100849;1313.6;50;9950094487;S
20240327;100850;1313.6;5;9950094557;S
20240327;100851;1313.6;10;9950094770;S
20240327;100852;1313.6;40;9950094839;S
20240327;100852;1313.6;1;9950094845;S
20240327;100852;1313.6;22;9950094846;S
20240327;100854;1313.8;10;9950095136;B
20240327;100855;1313.8;1;9950095252;B
20240327;100856;1313.8;5;9950095456;B
20240327;100856;1313.6;2;9950095496;S
20240327;100856;1313.8;1;9950095499;B
20240327;100857;1313.8;10;9950095589;B
20240327;100857;1313.6;3;9950095598;S
20240327;100857;1313.8;3;9950095616;B
20240327;100857;1313.6;7;9950095665;S
20240327;100857;1313.6;23;9950095666;S
20240327;100857;1313.8;8;9950095667;B
20240327;100857;1313.8;2;9950095668;B
20240327;100857;1314;360;9950095669;B
20240327;100858;1314;13;9950095763;B
20240327;100858;1314;2;9950095768;B
20240327;100859;1314;1;9950095921;B
20240327;100859;1314;1;9950095928;B
20240327;100859;1314;1;9950095952;B
20240327;100900;1314;160;9950096005;B
20240327;100900;1314;30;9950096019;B
20240327;100900;1313.8;1;9950096024;S
20240327;100903;1314;1;9950096495;B
20240327;100903;1313.8;75;9950096543;S
20240327;100903;1313.8;38;9950096558;S
20240327;100903;1313.8;10;9950096559;S
20240327;100903;1313.8;7;9950096560;S
20240327;100903;1313.8;25;9950096561;S
20240327;100903;1313.8;10;9950096562;S
20240327;100903;1313.8;46;9950096563;S
20240327;100903;1313.8;50;9950096564;S
20240327;100903;1313.6;14;9950096565;S
20240327;100904;1314;2;9950096628;B
20240327;100904;1313.6;5;9950096649;S
20240327;100905;1314;108;9950096943;B
20240327;100905;1314;29;9950096944;B
20240327;100905;1314;2;9950096945;B
20240327;100905;1314;1;9950096946;B
20240327;100905;1314;1;9950096947;B
20240327;100905;1314;8;9950096948;B
20240327;100905;1314.2;46;9950096949;B
20240327;100905;1314.4;60;9950096950;B
20240327;100905;1314.4;2;9950096951;B
20240327;100905;1314.6;60;9950096952;B
20240327;100905;1314.6;214;9950096953;B
20240327;100905;1314.6;137;9950096954;B
20240327;100905;1314.8;250;9950096955;B
20240327;100905;1314.8;120;9950096956;B
20240327;100905;1314.8;60;9950096957;B
20240327;100905;1315;1;9950096958;B
20240327;100905;1315;2;9950096959;B
20240327;100905;1315;50;9950096960;B
20240327;100905;1315;40;9950096961;B
20240327;100905;1315.2;60;9950096962;B
20240327;100905;1315.2;749;9950096963;B
20240327;100908;1314.4;10;9950097247;S
20240327;100910;1314.4;15;9950097420;S
20240327;100910;1314.4;1;9950097421;S
20240327;100911;1314.6;1;9950097552;S
20240327;100911;1314.6;2;9950097605;S
20240327;100911;1314.6;5;9950097618;S
20240327;100913;1315;10;9950097865;B
20240327;100916;1315;12;9950098199;B
20240327;100916;1314.6;4;9950098243;S
20240327;100917;1314.6;5;9950098300;S
20240327;100917;1314.6;5;9950098389;S
20240327;100917;1315;2;9950098449;S
20240327;100917;1315;8;9950098450;S
20240327;100917;1315;7;9950098455;S
20240327;100918;1315.4;17;9950098481;B
20240327;100918;1315.4;1;9950098532;B
20240327;100920;1315;10;9950098697;S
20240327;100920;1315;6;9950098698;S
20240327;100920;1315;44;9950098699;S
20240327;100920;1315;16;9950098714;S
20240327;100920;1315.4;2;9950098729;B
20240327;100921;1315;9;9950098882;S
20240327;100921;1315;4;9950098883;S
20240327;100921;1314.8;12;9950098884;S
20240327;100921;1314.8;75;9950098885;S
20240327;100922;1315.2;3;9950098914;S
20240327;100924;1315.4;10;9950099165;B
20240327;100924;1315.4;3;9950099256;B
20240327;100925;1315.4;5;9950099398;B
20240327;100925;1315.4;2;9950099399;B
20240327;100927;1315.4;3;9950099637;B
20240327;100928;1315.2;2;9950099703;S
20240327;100929;1315.4;5;9950099823;B
20240327;100929;1315.4;2;9950099824;B
20240327;100929;1315.4;3;9950099825;B
20240327;100929;1315.2;50;9950099855;S
20240327;100929;1315.4;1;9950099865;B
20240327;100929;1315.4;1;9950099893;B
20240327;100929;1315.4;1;9950099894;B
20240327;100931;1315.4;10;9950100122;B
20240327;100932;1315.4;1;9950100181;B
20240327;100932;1315.4;10;9950100256;B
20240327;100933;1315.2;30;9950100349;S
20240327;100933;1315.2;117;9950100366;S
20240327;100933;1315.4;5;9950100401;B
20240327;100934;1315.4;1;9950100427;B
20240327;100934;1315.4;7;9950100474;B
20240327;100934;1315.4;1;9950100475;B
20240327;100935;1315.2;25;9950100615;S
20240327;100935;1315.2;25;9950100616;S
20240327;100937;1315.4;9;9950100836;B
20240327;100937;1315.4;91;9950100837;B
20240327;100937;1315.4;1;9950100853;B
20240327;100937;1315.4;44;9950100944;B
20240327;100937;1315.4;12;9950100945;B
20240327;100937;1315.6;48;9950100946;B
20240327;100937;1315.6;50;9950100947;B
20240327;100937;1315.6;12;9950100948;B
20240327;100937;1315.6;14;9950100949;B
20240327;100938;1315.6;46;9950101022;B
20240327;100938;1315.8;1;9950101035;B
20240327;100943;1315.8;10;9950101649;B
20240327;100944;1315.6;1;9950101924;S
20240327;100944;1315.8;2;9950101939;B
20240327;100945;1315.8;1;9950102059;B
20240327;100947;1315.8;1;9950102272;B
20240327;100947;1315.8;2;9950102301;B
20240327;100948;1315.8;3;9950102429;B
20240327;100949;1315.8;1;9950102552;B
20240327;100950;1315.8;4;9950102657;B
20240327;100950;1315.8;32;9950102674;B
20240327;100950;1315.8;168;9950102675;B
20240327;100951;1315.8;5;9950102877;B
20240327;100951;1315.8;1;9950102895;B
20240327;100952;1315.6;56;9950103052;S
20240327;100953;1315.8;2;9950103206;B
20240327;100953;1315.6;5;9950103262;S
20240327;100955;1315.8;8;9950103509;B
20240327;100956;1315.8;3;9950103567;B
20240327;100956;1315.8;13;9950103573;B
20240327;100956;1315.8;60;9950103574;B
20240327;100956;1315.8;1;9950103575;B
20240327;100956;1315.8;1;9950103576;B
20240327;100956;1316;15;9950103577;B
20240327;100956;1316;1;9950103578;B
20240327;100956;1316;1;9950103579;B
20240327;100956;1316;10;9950103580;B
20240327;100956;1316;342;9950103581;B
20240327;100956;1316;60;9950103582;B
20240327;100956;1316;1;9950103583;B
20240327;100956;1316;43;9950103584;B
20240327;100956;1316;70;9950103585;B
20240327;100956;1316.2;15;9950103588;B
20240327;100956;1316.4;49;9950103589;B
20240327;100956;1316.4;26;9950103590;B
20240327;100956;1316.4;4;9950103663;B
20240327;100956;1316.6;1;9950103664;B
20240327;100957;1316.6;16;9950103743;B
20240327;100957;1316.6;10;9950103772;S
20240327;100957;1316.6;10;9950103773;S
20240327;100958;1316.8;8;9950103868;B
20240327;100958;1316.8;25;9950103869;B
20240327;100958;1316.8;17;9950103870;B
20240327;100958;1316.8;97;9950103937;B
20240327;100958;1317;5;9950103938;B
20240327;100958;1317;9;9950103939;B
20240327;100958;1317;111;9950103997;B
20240327;100959;1316.8;25;9950104046;S
20240327;100959;1316.8;45;9950104047;S
20240327;100959;1316.6;150;9950104048;S
20240327;100959;1316.4;20;9950104049;S
20240327;100959;1316.4;18;9950104050;S
20240327;100959;1317;1;9950104052;B
20240327;100959;1317;150;9950104058;B
20240327;100959;1316.8;1;9950104159;S
20240327;101000;1316.8;4;9950104320;S
20240327;101000;1316.8;25;9950104321;S
20240327;101000;1316.4;1;9950104322;S
20240327;101000;1316.2;2;9950104323;S
20240327;101000;1316.4;25;9950104327;S
20240327;101000;1316.2;10;9950104328;S
20240327;101000;1316.2;214;9950104329;S
20240327;101000;1316.2;58;9950104330;S
20240327;101001;1316.6;1;9950104656;B
20240327;101004;1316.8;2;9950105326;B
20240327;101004;1316.8;8;9950105327;B
20240327;101004;1316.8;1;9950105376;B
20240327;101005;1316.4;25;9950105496;S
20240327;101005;1316.4;8;9950105497;S
20240327;101007;1316.8;205;9950105726;B
20240327;101007;1317;45;9950105727;B
20240327;101007;1317;5;9950105772;B
20240327;101007;1317;1;9950105791;B
20240327;101008;1316.6;1;9950105897;S
20240327;101009;1317;20;9950106006;B
20240327;101009;1316.8;15;9950106011;S
20240327;101009;1317;50;9950106207;B
20240327;101010;1317;2;9950106341;B
20240327;101011;1317;1;9950106528;B
20240327;101012;1316.8;1;9950106711;S
20240327;101013;1317;3;9950106797;B
20240327;101013;1316.8;24;9950106839;S
20240327;101013;1316.6;25;9950106840;S
20240327;101013;1316.4;31;9950106841;S
20240327;101016;1316;9;9950107282;S
20240327;101017;1316.2;1;9950107376;B
20240327;101017;1316.2;1;9950107514;B
20240327;101018;1316.2;3;9950107550;B
20240327;101018;1316.4;22;9950107551;B
20240327;101018;1316;1;9950107640;S
20240327;101018;1316;3;9950107641;S
20240327;101019;1316.4;2;9950107695;B
20240327;101019;1316;2;9950107706;S
20240327;101020;1316.4;9;9950107818;B
20240327;101021;1316.4;3;9950108064;B
20240327;101021;1316;3;9950108235;S
20240327;101023;1316;17;9950108490;S
20240327;101023;1316;1;9950108491;S
20240327;101023;1316;2;9950108492;S
20240327;101023;1316;16;9950108493;S
20240327;101023;1316;10;9950108494;S
20240327;101023;1315.8;4;9950108495;S
20240327;101025;1316.2;1;9950108635;B
20240327;101025;1316.2;10;9950108642;B
20240327;101025;1315.8;5;9950108657;S
20240327;101025;1316.2;61;9950108680;B
20240327;101026;1316.4;2;9950108885;B
20240327;101027;1316;5;9950108952;S
20240327;101027;1316;25;9950108953;S
20240327;101027;1316;1;9950108954;S
20240327;101027;1315.8;43;9950108955;S
20240327;101027;1315.6;26;9950108956;S
20240327;101027;1316.2;20;9950109021;B
20240327;101027;1316.2;13;9950109034;B
20240327;101028;1316.2;20;9950109172;B
20240327;101030;1316.4;10;9950109403;B
20240327;101030;1316.4;100;9950109404;B
20240327;101030;1316.4;136;9950109405;B
20240327;101030;1316.6;4;9950109406;B
20240327;101030;1316.2;25;9950109490;S
20240327;101030;1316.2;43;9950109491;S
20240327;101030;1316;7;9950109492;S
20240327;101030;1316;10;9950109493;S
20240327;101030;1316;140;9950109494;S
20240327;101030;1315.6;188;9950109495;S
20240327;101030;1315.6;12;9950109496;S
20240327;101030;1315.6;60;9950109497;S
20240327;101030;1315.4;15;9950109498;S
20240327;101031;1316.2;5;9950109617;B
20240327;101031;1315.8;25;9950109620;S
20240327;101031;1315.6;12;9950109621;S
20240327;101031;1315.4;5;9950109622;S
20240327;101031;1315.4;2;9950109623;S
20240327;101031;1315.4;60;9950109624;S
20240327;101031;1315.2;2;9950109625;S
20240327;101031;1315.2;1;9950109626;S
20240327;101031;1315.2;1;9950109627;S
20240327;101031;1315.2;60;9950109628;S
20240327;101031;1315.2;41;9950109629;S
20240327;101031;1316;5;9950109664;B
20240327;101031;1315.6;25;9950109718;S
20240327;101032;1315.6;25;9950109778;B
20240327;101032;1315.8;42;9950109779;B
20240327;101032;1316;13;9950109780;B
20240327;101032;1316;61;9950109836;B
20240327;101032;1316;20;9950109874;B
20240327;101033;1316;3;9950109893;B
20240327;101035;1316;3;9950110202;B
20240327;101035;1316;7;9950110277;B
20240327;101036;1315.6;5;9950110369;S
20240327;101039;1315.6;20;9950110998;S
20240327;101039;1315.6;25;9950110999;S
20240327;101039;1315.6;2;9950111000;S
20240327;101039;1315.4;3;9950111001;S
20240327;101039;1315.4;42;9950111002;S
20240327;101039;1315.4;2;9950111003;S
20240327;101039;1315.2;10;9950111004;S
20240327;101039;1315.2;3;9950111005;S
20240327;101040;1315.4;2;9950111201;S
20240327;101040;1315.6;1;9950111305;B
20240327;101040;1315.4;23;9950111324;S
20240327;101040;1315.2;107;9950111325;S
20240327;101040;1315;100;9950111326;S
20240327;101040;1315;1;9950111327;S
20240327;101040;1315;2;9950111328;S
20240327;101040;1315;14;9950111329;S
20240327;101040;1315;1;9950111330;S
20240327;101040;1315;1;9950111331;S
20240327;101040;1315;270;9950111332;S
20240327;101040;1315;1;9950111333;S
20240327;101040;1315;1;9950111334;S
20240327;101040;1315;2;9950111335;S
20240327;101040;1315;50;9950111336;S
20240327;101040;1315;30;9950111337;S
20240327;101040;1315;42;9950111338;S
20240327;101040;1315;10;9950111339;S
20240327;101040;1314.8;60;9950111340;S
20240327;101040;1314.8;136;9950111341;S
20240327;101040;1314.8;24;9950111342;S
20240327;101041;1315.4;2;9950111369;B
20240327;101041;1315.4;2;9950111471;B
20240327;101042;1315.4;8;9950111649;B
20240327;101043;1315.4;3;9950111837;B
20240327;101044;1315.4;1;9950112006;B
20240327;101045;1315.4;25;9950112128;B
20240327;101047;1315.2;2;9950112637;S
20240327;101047;1315.2;6;9950112638;S
20240327;101049;1315.4;1;9950112920;B
20240327;101049;1315.4;1;9950112931;B
20240327;101049;1315.4;1;9950112955;B
20240327;101050;1315.2;1;9950113157;S
20240327;101051;1315.4;5;9950113188;B
20240327;101052;1315.4;5;9950113352;B
20240327;101053;1315.4;1;9950113566;B
20240327;101053;1315.4;20;9950113646;B
20240327;101055;1315.4;6;9950114014;B
20240327;101100;1315.4;1;9950114754;B
20240327;101100;1315.4;1;9950114824;B
20240327;101101;1315.4;1;9950115106;B
20240327;101101;1315.4;4;9950115117;B
20240327;101102;1315.4;3;9950115224;B
20240327;101102;1315.4;1;9950115225;B
20240327;101103;1315.4;1;9950115303;B
20240327;101103;1315.2;3;9950115395;S
20240327;101104;1315.4;1;9950115477;B
20240327;101105;1315.4;8;9950115702;B
20240327;101105;1315.4;22;9950115703;B
20240327;101105;1315.2;3;9950115712;S
20240327;101105;1315.6;39;9950115745;B
20240327;101105;1315.6;12;9950115746;B
20240327;101105;1315.6;1;9950115747;B
20240327;101105;1315.8;100;9950115748;B
20240327;101105;1315.8;48;9950115749;B
20240327;101107;1315.8;15;9950116004;B
20240327;101107;1315.4;50;9950116010;S
20240327;101108;1315.8;20;9950116075;B
20240327;101108;1315.8;1;9950116180;B
20240327;101109;1315.4;3;9950116287;S
20240327;101110;1315.8;1;9950116483;B
20240327;101110;1315.8;20;9950116513;B
20240327;101110;1315.4;5;9950116518;S
20240327;101111;1315.8;1;9950116602;B
20240327;101111;1315.8;5;9950116625;B
20240327;101112;1315.8;1;9950116750;B
20240327;101113;1315.8;1;9950117015;B
20240327;101114;1315.8;1;9950117101;B
20240327;101114;1315.8;14;9950117113;B
20240327;101114;1315.8;86;9950117142;B
20240327;101114;1315.8;7;9950117143;B
20240327;101114;1316;60;9950117144;B
20240327;101114;1316;15;9950117145;B
20240327;101114;1316;23;9950117146;B
20240327;101114;1316;40;9950117147;B
20240327;101114;1316.2;60;9950117148;B
20240327;101114;1316.2;136;9950117149;B
20240327;101114;1316.2;60;9950117150;B
20240327;101114;1316.2;213;9950117151;B
20240327;101115;1316;2;9950117266;B
20240327;101115;1316;25;9950117300;S
20240327;101115;1315.8;40;9950117301;S
20240327;101115;1315.6;12;9950117302;S
20240327;101115;1315.6;123;9950117303;S
20240327;101116;1316.2;3;9950117373;B
20240327;101118;1316.2;3;9950117662;B
20240327;101121;1316;3;9950118123;B
20240327;101121;1316.2;3;9950118124;B
20240327;101122;1316.2;3;9950118262;B
20240327;101122;1316.4;60;9950118263;B
20240327;101122;1316.4;174;9950118264;B
20240327;101122;1316.4;39;9950118265;B
20240327;101122;1316.6;10;9950118266;B
20240327;101122;1316.6;10;9950118267;B
20240327;101122;1316.6;50;9950118268;B
20240327;101122;1316.6;60;9950118269;B
20240327;101122;1316.6;96;9950118270;B
20240327;101122;1316.2;50;9950118342;S
20240327;101122;1316.6;1;9950118354;B
20240327;101122;1316.2;7;9950118376;S
20240327;101124;1316.2;50;9950118591;S
20240327;101124;1316.2;15;9950118688;S
20240327;101124;1316.2;5;9950118706;S
20240327;101124;1316.2;20;9950118736;S
20240327;101124;1316.2;5;9950118737;S
20240327;101126;1316.6;1;9950118973;B
20240327;101127;1316.6;3;9950119118;B
20240327;101128;1316.6;13;9950119317;B
20240327;101129;1316.2;21;9950119405;S
20240327;101129;1316.2;4;9950119450;S
20240327;101129;1316.2;2;9950119451;S
20240327;101132;1316.6;36;9950119861;B
20240327;101133;1316.8;1;9950120070;B
20240327;101134;1316.6;3;9950120228;S
20240327;101135;1316.6;10;9950120328;S
20240327;101138;1316.6;31;9950120933;S
20240327;101138;1316.6;25;9950120934;S
20240327;101138;1316.6;36;9950120935;S
20240327;101138;1316.4;8;9950120936;S
20240327;101138;1316.8;1;9950120948;B
20240327;101139;1316.4;4;9950120958;S
20240327;101139;1316.8;29;9950120970;B
20240327;101139;1316.8;60;9950120971;B
20240327;101139;1316.8;90;9950120972;B
20240327;101139;1317;202;9950120973;B
20240327;101139;1317;1;9950120974;B
20240327;101139;1317;3;9950120975;B
20240327;101139;1317;1;9950120976;B
20240327;101139;1317;154;9950120977;B
20240327;101142;1317;50;9950121528;B
20240327;101142;1317;5;9950121694;B
20240327;101143;1317;2;9950121752;B
20240327;101143;1317;39;9950121849;B
20240327;101143;1317;1;9950121850;B
20240327;101143;1317;10;9950121851;B
20240327;101143;1316.6;2;9950121862;S
20240327;101144;1317;16;9950121975;B
20240327;101144;1317.2;1;9950121976;B
20240327;101144;1317.2;33;9950121977;B
20240327;101145;1316.8;85;9950122061;S
20240327;101145;1317.2;2;9950122176;B
20240327;101147;1317.4;1;9950122319;B
20240327;101147;1317.2;3;9950122417;S
20240327;101148;1317.2;1;9950122509;S
20240327;101148;1317.4;1;9950122558;B
20240327;101148;1317.4;2;9950122642;B
20240327;101149;1317.4;2;9950122661;B
20240327;101149;1317.2;11;9950122769;S
20240327;101149;1317.2;4;9950122782;S
20240327;101154;1317.2;50;9950123437;S
20240327;101155;1317.4;2;9950123546;B
20240327;101155;1317.4;1;9950123560;B
20240327;101156;1317.4;1;9950123674;B
20240327;101157;1317.2;1;9950123760;S
20240327;101157;1317.4;1;9950123810;B
20240327;101158;1317.4;10;9950123885;B
20240327;101158;1317.4;3;9950123886;B
20240327;101158;1317.6;1;9950123887;B
20240327;101158;1317.6;16;9950123888;B
20240327;101158;1317.6;4;9950123899;B
20240327;101158;1317.6;5;9950123901;B
20240327;101159;1317.4;2;9950124040;S
20240327;101159;1317.4;38;9950124041;S
20240327;101159;1317.2;8;9950124042;S
20240327;101159;1317.6;8;9950124047;B
20240327;101159;1317.6;7;9950124075;B
20240327;101201;1317.6;8;9950124320;B
20240327;101201;1317.2;51;9950124474;S
20240327;101201;1317.6;50;9950124475;B
20240327;101202;1317.6;2;9950124593;B
20240327;101203;1317.6;1;9950124635;B
20240327;101203;1317.6;2;9950124720;B
20240327;101204;1317.6;1;9950124779;B
20240327;101207;1317.6;5;9950125301;B
20240327;101209;1317.6;1;9950125475;B
20240327;101209;1317.6;41;9950125487;B
20240327;101209;1317.6;20;9950125507;B
20240327;101209;1317.6;2;9950125510;B
20240327;101209;1317.6;85;9950125520;B
20240327;101209;1317.6;59;9950125521;B
20240327;101209;1317.8;200;9950125522;B
20240327;101209;1317.8;3;9950125523;B
20240327;101209;1317.8;75;9950125524;B
20240327;101209;1317.8;60;9950125525;B
20240327;101209;1317.8;38;9950125526;B
20240327;101209;1318;16;9950125527;B
20240327;101209;1318;464;9950125528;B
20240327;101209;1318;5;9950125557;B
20240327;101209;1318;6;9950125594;B
20240327;101210;1318;99;9950125624;B
20240327;101210;1318;2;9950125625;B
20240327;101210;1318;50;9950125626;B
20240327;101210;1318;1;9950125627;B
20240327;101210;1318;82;9950125628;B
20240327;101210;1318;2;9950125629;B
20240327;101210;1318;6;9950125630;B
20240327;101210;1318;1;9950125631;B
20240327;101210;1318.2;7;9950125632;B
20240327;101210;1318.2;113;9950125633;B
20240327;101211;1318;1;9950125843;B
20240327;101211;1317.8;3;9950125848;S
20240327;101212;1318.2;1;9950125955;B
20240327;101212;1318;7;9950126027;B
20240327;101212;1318;1;9950126056;B
20240327;101213;1318;2;9950126124;B
20240327;101216;1318.2;10;9950126593;B
20240327;101218;1318;2;9950126870;S
20240327;101218;1318.2;1;9950126873;B
20240327;101219;1318;1;9950126953;S
20240327;101221;1318.2;1;9950127151;B
20240327;101221;1318;1;9950127206;S
20240327;101222;1318.2;4;9950127370;B
20240327;101222;1318.2;1;9950127405;B
20240327;101222;1318.2;19;9950127423;B
20240327;101223;1318;1;9950127634;S
20240327;101223;1318;14;9950127635;S
20240327;101226;1318.2;2;9950127993;B
20240327;101228;1318;20;9950128301;S
20240327;101228;1318;38;9950128302;S
20240327;101228;1318;12;9950128303;S
20240327;101229;1318.2;1;9950128416;B
20240327;101229;1318.2;1;9950128463;B
20240327;101229;1318.2;1;9950128514;B
20240327;101229;1318.2;8;9950128516;B
20240327;101230;1318.2;1;9950128570;B
20240327;101230;1318.2;6;9950128665;B
20240327;101231;1318;1;9950128680;S
20240327;101231;1318;2;9950128681;S
20240327;101231;1318;38;9950128682;S
20240327;101231;1317.8;5;9950128683;S
20240327;101231;1317.8;2;9950128684;S
20240327;101231;1317.8;1;9950128685;S
20240327;101231;1317.8;2;9950128686;S
20240327;101231;1317.8;1;9950128687;S
20240327;101231;1318.2;3;9950128723;B
20240327;101231;1318.2;1;9950128741;B
20240327;101231;1318.2;37;9950128757;B
20240327;101231;1318.2;1;9950128780;B
20240327;101231;1318.2;2;9950128804;B
20240327;101231;1317.8;1;9950128822;S
20240327;101231;1318.2;10;9950128828;B
20240327;101232;1318.2;2;9950128933;B
20240327;101232;1317.8;2;9950128981;S
20240327;101233;1318.2;1;9950129003;B
20240327;101233;1318.2;8;9950129097;B
20240327;101234;1317.8;100;9950129277;S
20240327;101234;1318.2;8;9950129279;B
20240327;101234;1318.2;5;9950129280;B
20240327;101234;1318.2;60;9950129281;B
20240327;101234;1318.2;25;9950129282;B
20240327;101234;1318.4;1;9950129283;B
20240327;101234;1318.4;60;9950129284;B
20240327;101234;1318.4;12;9950129285;B
20240327;101234;1318.4;38;9950129286;B
20240327;101234;1318.4;87;9950129287;B
20240327;101234;1318.4;2;9950129288;B
20240327;101234;1318.6;2;9950129289;B
20240327;101235;1318;12;9950129498;S
20240327;101235;1317.8;28;9950129499;S
20240327;101235;1318.2;25;9950129632;B
20240327;101235;1318.4;60;9950129633;B
20240327;101235;1318.4;12;9950129634;B
20240327;101235;1318.4;43;9950129635;B
20240327;101235;1318.6;1;9950129636;B
20240327;101235;1318.6;1;9950129637;B
20240327;101235;1318.6;60;9950129638;B
20240327;101235;1318.6;60;9950129639;B
20240327;101235;1318.6;119;9950129640;B
20240327;101235;1318.4;25;9950129661;B
20240327;101235;1318.6;60;9950129662;B
20240327;101235;1318.6;22;9950129663;B
20240327;101235;1318.8;23;9950129664;B
20240327;101235;1318.4;20;9950129675;B
20240327;101237;1318.4;5;9950129989;B
20240327;101237;1318.6;60;9950129990;B
20240327;101237;1318.6;11;9950129991;B
20240327;101237;1318.6;24;9950129992;B
20240327;101238;1318.4;5;9950130170;B
20240327;101241;1318.4;1;9950130455;B
20240327;101243;1318.4;1;9950130755;B
20240327;101243;1318.4;2;9950130780;B
20240327;101243;1318.4;16;9950130784;B
20240327;101243;1318.4;37;9950130785;B
20240327;101243;1318.6;60;9950130786;B
20240327;101243;1318.6;5;9950130787;B
20240327;101243;1318.8;7;9950130788;B
20240327;101243;1318.8;8;9950130789;B
20240327;101243;1318.8;250;9950130790;B
20240327;101243;1318.8;1;9950130791;B
20240327;101243;1318.8;60;9950130792;B
20240327;101243;1318.8;6;9950130793;B
20240327;101243;1318.8;136;9950130794;B
20240327;101243;1318.8;60;9950130795;B
20240327;101243;1319;8;9950130796;B
20240327;101243;1319;10;9950130797;B
20240327;101243;1319;4;9950130798;B
20240327;101243;1319;1;9950130799;B
20240327;101243;1319;2;9950130800;B
20240327;101243;1319;600;9950130801;B
20240327;101243;1319;1;9950130802;B
20240327;101243;1319;60;9950130803;B
20240327;101243;1319.4;5;9950130804;B
20240327;101243;1319.4;63;9950130805;B
20240327;101243;1319;25;9950130806;B
20240327;101243;1319.4;19;9950130807;B
20240327;101243;1319.4;25;9950130808;B
20240327;101243;1319.4;20;9950130809;B
20240327;101243;1319.4;46;9950130810;B
20240327;101244;1318.8;2;9950130898;B
20240327;101244;1318.8;23;9950130919;B
20240327;101244;1318.8;20;9950130920;B
20240327;101245;1318.4;20;9950131062;S
20240327;101245;1318.4;2;9950131067;S
20240327;101245;1319;5;9950131071;B
20240327;101245;1319;20;9950131190;B
20240327;101246;1318.8;1;9950131255;B
20240327;101246;1318.4;1;9950131267;S
20240327;101247;1318.6;2;9950131465;B
20240327;101248;1318.6;10;9950131556;B
20240327;101248;1318.6;10;9950131605;B
