<DATE>;<TIME>;<LAST>;<VOL>;<ID>;<OPER>
20240119;095955;1465.000000000;1;9445290006;S
20240119;095955;1465.000000000;1;9445290007;B
20240119;095955;1465.000000000;1;9445290008;B
20240119;095955;1465.000000000;1;9445290009;B
20240119;095955;1465.000000000;1;9445290010;B
20240119;095955;1465.000000000;1;9445290011;B
20240119;095955;1465.000000000;1;9445290012;B
20240119;095955;1465.000000000;4;9445290013;B
20240119;095955;1465.000000000;1;9445290014;B
20240119;095955;1465.000000000;1;9445290015;B
20240119;095955;1465.000000000;1;9445290016;B
20240119;095955;1465.000000000;2;9445290017;S
20240119;095955;1465.000000000;1;9445290018;S
20240119;095955;1465.000000000;1;9445290019;S
20240119;095955;1465.000000000;1;9445290020;S
20240119;095955;1465.000000000;1;9445290021;S
20240119;095955;1465.000000000;1;9445290022;S
20240119;095955;1465.000000000;1;9445290023;S
20240119;095955;1465.000000000;1;9445290024;S
20240119;095955;1465.000000000;4;9445290025;S
20240119;095955;1465.000000000;1;9445290026;S
20240119;095955;1465.000000000;10;9445290027;S
20240119;095955;1465.000000000;1;9445290028;S
20240119;095955;1465.000000000;2;9445290029;S
20240119;095955;1465.000000000;1;9445290030;S
20240119;095955;1465.000000000;3;9445290031;S
20240119;095955;1465.000000000;2;9445290032;S
20240119;095955;1465.000000000;1;9445290033;S
20240119;095955;1465.000000000;1;9445290034;S
20240119;095955;1465.000000000;1;9445290035;S
20240119;095955;1465.000000000;1;9445290036;S
20240119;095955;1465.000000000;1;9445290037;S
20240119;095955;1465.000000000;15;9445290038;B
20240119;095955;1465.000000000;2;9445290039;S
20240119;095955;1465.000000000;3;9445290040;S
20240119;095955;1465.000000000;1;9445290041;B
20240119;095955;1465.000000000;2;9445290042;B
20240119;095955;1465.000000000;1;9445290043;B
20240119;095955;1465.000000000;2;9445290044;B
20240119;095955;1465.000000000;21;9445290045;S
20240119;095955;1465.000000000;5;9445290046;S
20240119;095955;1465.000000000;54;9445290047;S
20240119;095955;1465.000000000;30;9445290048;S
20240119;095955;1465.000000000;1;9445290049;S
20240119;095955;1465.000000000;1;9445290050;S
20240119;095955;1465.000000000;5;9445290051;S
20240119;095955;1465.000000000;9;9445290052;S
20240119;095955;1465.000000000;21;9445290053;S
20240119;095955;1465.000000000;4;9445290054;B
20240119;100004;1465.000000000;1;9445292843;S
20240119;100004;1465.000000000;1;9445293033;S
20240119;100004;1465.000000000;1;9445293055;S
20240119;100004;1465.000000000;30;9445293180;S
20240119;100004;1465.000000000;10;9445293310;S
20240119;100005;1466.000000000;1;9445293450;B
20240119;100005;1465.000000000;40;9445293750;S
20240119;100005;1465.000000000;3;9445293751;S
20240119;100005;1465.000000000;4;9445293754;S
20240119;100005;1466.000000000;1;9445294022;B
20240119;100005;1466.000000000;1;9445294023;B
20240119;100005;1466.000000000;4;9445294024;B
20240119;100005;1466.000000000;31;9445294025;B
20240119;100005;1465.000000000;1;9445294549;S
20240119;100005;1466.000000000;4;9445294550;B
20240119;100005;1466.000000000;40;9445294830;B
20240119;100005;1466.000000000;1;9445294901;B
20240119;100005;1466.000000000;1;9445295141;B
20240119;100005;1465.000000000;1;9445295143;S
20240119;100007;1466.000000000;1;9445296281;B
20240119;100007;1466.000000000;4;9445296753;B
20240119;100008;1466.000000000;1;9445296920;B
20240119;100009;1466.000000000;1;9445297428;B
20240119;100010;1466.000000000;7;9445297481;B
20240119;100010;1466.000000000;3;9445297594;B
20240119;100010;1466.000000000;3;9445297789;B
20240119;100010;1466.000000000;1;9445297815;B
20240119;100010;1466.000000000;1;9445297886;B
20240119;100010;1466.000000000;15;9445298011;B
20240119;100011;1465.000000000;40;9445298321;S
20240119;100016;1466.000000000;1;9445299503;B
20240119;100019;1466.000000000;70;9445300523;B
20240119;100023;1465.200000000;30;9445301214;S
20240119;100025;1466.000000000;15;9445301505;B
20240119;100025;1466.000000000;8;9445301506;B
20240119;100025;1466.000000000;1;9445301507;B
20240119;100025;1466.000000000;1;9445301508;B
20240119;100025;1466.000000000;1;9445301509;B
20240119;100025;1466.000000000;4;9445301510;B
20240119;100025;1466.000000000;18;9445301511;B
20240119;100025;1466.200000000;25;9445301512;B
20240119;100025;1466.400000000;1;9445301513;B
20240119;100025;1466.400000000;68;9445301514;B
20240119;100025;1466.400000000;4;9445301515;B
20240119;100025;1466.600000000;100;9445301516;B
20240119;100025;1466.800000000;96;9445301517;B
20240119;100025;1466.800000000;137;9445301518;B
20240119;100025;1467.000000000;70;9445301519;B
20240119;100025;1467.000000000;700;9445301520;B
20240119;100025;1467.000000000;1;9445301521;B
20240119;100025;1467.200000000;100;9445301522;B
20240119;100025;1467.000000000;100;9445301523;S
20240119;100025;1467.000000000;250;9445301524;S
20240119;100026;1466.800000000;24;9445301644;B
20240119;100026;1467.400000000;2;9445301790;B
20240119;100027;1467.400000000;76;9445301848;B
20240119;100032;1467.200000000;1;9445303139;B
20240119;100033;1466.800000000;1;9445303362;S
20240119;100040;1467.200000000;13;9445304449;B
20240119;100040;1467.400000000;7;9445304450;B
20240119;100043;1466.800000000;69;9445304894;S
20240119;100043;1466.000000000;11;9445304895;S
20240119;100043;1465.800000000;20;9445304896;S
20240119;100043;1465.800000000;100;9445304897;S
20240119;100044;1465.800000000;72;9445305254;S
20240119;100044;1465.000000000;28;9445305255;S
20240119;100045;1466.400000000;2;9445305597;B
20240119;100051;1466.400000000;40;9445306733;B
20240119;100057;1466.400000000;7;9445307923;B
20240119;100106;1466.400000000;4;9445309452;B
20240119;100106;1466.200000000;8;9445309507;B
20240119;100106;1466.200000000;10;9445309558;B
20240119;100111;1465.200000000;8;9445310157;S
20240119;100111;1465.000000000;8;9445310158;S
20240119;100111;1465.000000000;5;9445310159;S
20240119;100111;1465.000000000;5;9445310160;S
20240119;100111;1465.000000000;5;9445310161;S
20240119;100111;1464.800000000;2;9445310162;S
20240119;100121;1465.600000000;5;9445311746;B
20240119;100125;1464.800000000;2;9445312658;S
20240119;100125;1464.800000000;3;9445312659;S
20240119;100125;1465.600000000;2;9445312679;B
20240119;100125;1464.800000000;45;9445312737;S
20240119;100128;1465.600000000;10;9445313225;B
20240119;100133;1465.600000000;4;9445313861;B
20240119;100136;1465.600000000;19;9445314351;B
20240119;100136;1465.800000000;15;9445314371;B
20240119;100143;1464.800000000;50;9445315344;S
20240119;100145;1465.800000000;1;9445315520;B
20240119;100206;1465.400000000;6;9445318219;S
20240119;100211;1465.800000000;3;9445318736;B
20240119;100216;1465.800000000;2;9445319147;B
20240119;100217;1465.800000000;15;9445319255;B
20240119;100217;1465.800000000;4;9445319313;B
20240119;100218;1465.800000000;1;9445319503;B
20240119;100218;1465.400000000;37;9445319514;S
20240119;100218;1465.400000000;2;9445319515;S
20240119;100218;1465.400000000;61;9445319516;S
20240119;100219;1465.600000000;19;9445319619;S
20240119;100219;1465.400000000;70;9445319620;S
20240119;100219;1465.000000000;2;9445319621;S
20240119;100219;1464.800000000;9;9445319622;S
20240119;100224;1465.400000000;1;9445320287;B
20240119;100231;1465.200000000;70;9445321411;S
20240119;100231;1465.200000000;30;9445321412;S
20240119;100232;1465.200000000;6;9445321466;S
20240119;100232;1465.400000000;1;9445321553;B
20240119;100235;1465.400000000;1;9445321907;B
20240119;100235;1465.800000000;6;9445321908;B
20240119;100236;1465.800000000;8;9445322110;B
20240119;100236;1465.800000000;22;9445322148;B
20240119;100237;1465.800000000;15;9445322425;B
20240119;100239;1465.800000000;8;9445322685;B
20240119;100248;1465.800000000;1;9445323773;B
20240119;100248;1465.800000000;5;9445323861;B
20240119;100254;1465.800000000;3;9445324432;B
20240119;100254;1465.800000000;5;9445324550;B
20240119;100257;1465.800000000;2;9445324942;B
20240119;100301;1465.400000000;1;9445325288;S
20240119;100301;1465.400000000;70;9445325289;S
20240119;100301;1465.400000000;29;9445325290;S
20240119;100301;1465.600000000;100;9445325291;S
20240119;100301;1465.400000000;66;9445325292;S
20240119;100301;1465.400000000;34;9445325293;S
20240119;100302;1465.800000000;92;9445325419;B
20240119;100302;1465.800000000;2;9445325420;B
20240119;100302;1466.000000000;1;9445325450;B
20240119;100310;1466.000000000;43;9445326890;B
20240119;100310;1466.200000000;30;9445326891;B
20240119;100310;1466.000000000;48;9445326892;S
20240119;100310;1465.800000000;1;9445326893;S
20240119;100310;1465.800000000;51;9445326894;S
20240119;100310;1466.400000000;25;9445326895;B
20240119;100310;1466.800000000;5;9445326896;B
20240119;100310;1466.800000000;25;9445326897;B
20240119;100310;1467.000000000;21;9445326898;B
20240119;100310;1467.200000000;18;9445326899;B
20240119;100310;1467.200000000;11;9445326900;B
20240119;100311;1467.400000000;71;9445326906;B
20240119;100311;1467.000000000;24;9445326908;S
20240119;100311;1467.000000000;1;9445326909;S
20240119;100311;1466.800000000;47;9445326910;S
20240119;100311;1466.800000000;28;9445326911;B
20240119;100311;1467.400000000;24;9445326992;B
20240119;100311;1467.400000000;8;9445326993;B
20240119;100319;1467.400000000;1;9445327838;B
20240119;100319;1467.400000000;1;9445327927;B
20240119;100325;1467.600000000;50;9445328803;B
20240119;100327;1467.600000000;16;9445329025;B
20240119;100328;1467.600000000;2;9445329085;B
20240119;100330;1467.400000000;1;9445329413;S
20240119;100332;1467.600000000;2;9445329760;B
20240119;100333;1467.400000000;40;9445329904;S
20240119;100337;1467.600000000;50;9445330372;B
20240119;100338;1467.400000000;1;9445330499;S
20240119;100340;1467.400000000;9;9445330737;S
20240119;100340;1467.400000000;31;9445330738;S
20240119;100343;1467.600000000;2;9445331113;B
20240119;100344;1467.600000000;5;9445331349;B
20240119;100345;1467.600000000;5;9445331412;B
20240119;100351;1467.600000000;13;9445332250;B
20240119;100352;1467.600000000;2;9445332452;B
20240119;100354;1467.600000000;1;9445332618;B
20240119;100355;1467.600000000;1;9445332665;B
20240119;100355;1467.600000000;1;9445332691;B
20240119;100357;1467.400000000;5;9445333043;S
20240119;100359;1467.600000000;1;9445333328;B
20240119;100359;1467.600000000;3;9445333335;B
20240119;100359;1467.600000000;20;9445333382;B
20240119;100401;1467.600000000;49;9445333663;B
20240119;100403;1467.600000000;150;9445333898;B
20240119;100404;1467.600000000;70;9445334120;B
20240119;100406;1467.400000000;1;9445334299;S
20240119;100406;1467.400000000;52;9445334300;S
20240119;100406;1467.200000000;72;9445334301;S
20240119;100406;1467.000000000;70;9445334302;S
20240119;100406;1467.000000000;5;9445334303;B
20240119;100409;1467.400000000;88;9445335008;B
20240119;100410;1467.400000000;4;9445335264;B
20240119;100418;1467.200000000;2;9445336291;S
20240119;100419;1467.600000000;57;9445336458;B
20240119;100419;1467.600000000;75;9445336459;B
20240119;100419;1467.600000000;5;9445336460;B
20240119;100421;1467.800000000;23;9445336785;B
20240119;100422;1467.800000000;1;9445336890;S
20240119;100423;1468.000000000;1;9445336979;B
20240119;100435;1467.600000000;1;9445338955;S
20240119;100437;1468.000000000;1;9445339350;B
20240119;100442;1467.800000000;9;9445340047;B
20240119;100446;1467.600000000;5;9445340676;S
20240119;100446;1467.800000000;31;9445340772;B
20240119;100447;1467.600000000;46;9445340862;S
20240119;100447;1467.600000000;5;9445340863;S
20240119;100447;1467.600000000;46;9445340864;S
20240119;100449;1467.800000000;4;9445340992;B
20240119;100450;1467.800000000;1;9445341136;B
20240119;100451;1467.800000000;5;9445341305;B
20240119;100451;1467.800000000;25;9445341306;B
20240119;100451;1467.800000000;20;9445341307;B
20240119;100453;1467.600000000;30;9445341526;S
20240119;100454;1467.600000000;1;9445341750;B
20240119;100454;1467.600000000;1;9445341759;B
20240119;100457;1467.600000000;7;9445342070;B
20240119;100458;1467.400000000;2;9445342241;S
20240119;100459;1467.600000000;6;9445342344;B
20240119;100500;1467.600000000;1;9445342479;B
20240119;100502;1467.400000000;98;9445342766;S
20240119;100502;1467.200000000;25;9445342796;S
20240119;100503;1467.400000000;2;9445342876;B
20240119;100503;1467.600000000;7;9445342960;B
20240119;100504;1467.400000000;1;9445343110;S
20240119;100507;1467.600000000;3;9445343444;B
20240119;100515;1467.400000000;13;9445344661;S
20240119;100515;1467.400000000;16;9445344662;B
20240119;100516;1467.200000000;2;9445344699;S
20240119;100516;1467.400000000;6;9445344772;B
20240119;100519;1467.400000000;3;9445345283;B
20240119;100520;1467.400000000;1;9445345339;B
20240119;100520;1467.400000000;1;9445345346;B
20240119;100520;1467.400000000;11;9445345412;B
20240119;100522;1467.400000000;49;9445345839;B
20240119;100522;1467.400000000;20;9445345840;B
20240119;100522;1467.400000000;200;9445345841;B
20240119;100525;1467.600000000;1;9445346229;B
20240119;100525;1467.600000000;1;9445346230;B
20240119;100527;1467.400000000;3;9445346353;S
20240119;100530;1467.600000000;69;9445346760;S
20240119;100530;1467.400000000;228;9445346761;S
20240119;100530;1467.400000000;3;9445346762;S
20240119;100537;1467.600000000;1;9445347585;S
20240119;100537;1467.600000000;1;9445347586;S
20240119;100542;1467.400000000;24;9445348197;S
20240119;100542;1467.200000000;73;9445348198;S
20240119;100542;1467.000000000;3;9445348199;S
20240119;100545;1467.000000000;1;9445348726;S
20240119;100549;1467.400000000;1;9445349142;B
20240119;100549;1467.200000000;32;9445349169;S
20240119;100549;1467.000000000;10;9445349170;S
20240119;100549;1467.000000000;25;9445349171;S
20240119;100549;1467.000000000;1;9445349172;S
20240119;100549;1466.800000000;32;9445349173;S
20240119;100553;1467.400000000;1;9445349974;B
20240119;100553;1467.400000000;1;9445349975;B
20240119;100555;1467.600000000;1;9445350281;B
20240119;100600;1467.200000000;1;9445350781;S
20240119;100600;1467.000000000;1;9445350782;S
20240119;100600;1467.000000000;18;9445350783;S
20240119;100600;1466.800000000;30;9445350784;S
20240119;100605;1467.600000000;10;9445351418;B
20240119;100611;1466.800000000;1;9445351942;S
20240119;100615;1467.600000000;4;9445352379;B
20240119;100616;1466.800000000;3;9445352522;S
20240119;100618;1467.600000000;1;9445352673;B
20240119;100619;1466.800000000;76;9445352813;S
20240119;100628;1467.600000000;3;9445353680;B
20240119;100632;1467.600000000;6;9445354206;B
20240119;100632;1467.600000000;1;9445354207;B
20240119;100634;1467.000000000;93;9445354600;B
20240119;100635;1467.600000000;3;9445354689;B
20240119;100643;1467.200000000;17;9445355694;B
20240119;100643;1467.400000000;33;9445355695;B
20240119;100648;1467.200000000;1;9445356181;B
20240119;100655;1467.000000000;69;9445356982;B
20240119;100655;1467.000000000;17;9445356983;B
20240119;100655;1467.400000000;14;9445356984;B
20240119;100656;1466.600000000;20;9445357073;S
20240119;100657;1467.000000000;1;9445357207;S
20240119;100704;1467.000000000;17;9445357903;B
20240119;100704;1467.200000000;83;9445357904;B
20240119;100707;1467.000000000;1;9445358254;B
20240119;100707;1467.000000000;1;9445358314;B
20240119;100709;1466.800000000;17;9445358426;B
20240119;100710;1467.000000000;1;9445358552;B
20240119;100712;1466.800000000;1;9445358832;B
20240119;100713;1467.000000000;1;9445358908;B
20240119;100713;1467.000000000;1;9445358979;B
20240119;100714;1466.800000000;17;9445359120;B
20240119;100714;1467.000000000;4;9445359121;B
20240119;100714;1466.600000000;80;9445359125;S
20240119;100714;1466.400000000;500;9445359126;S
20240119;100714;1466.400000000;17;9445359127;S
20240119;100714;1466.200000000;66;9445359128;S
20240119;100714;1466.200000000;25;9445359129;S
20240119;100714;1466.000000000;1;9445359130;S
20240119;100714;1466.000000000;110;9445359131;S
20240119;100714;1466.000000000;25;9445359132;S
20240119;100714;1466.000000000;1;9445359133;S
20240119;100714;1465.800000000;274;9445359134;S
20240119;100714;1465.800000000;74;9445359135;S
20240119;100714;1465.800000000;69;9445359136;S
20240119;100714;1465.800000000;47;9445359137;S
20240119;100714;1465.600000000;100;9445359138;S
20240119;100714;1465.600000000;250;9445359139;S
20240119;100714;1465.400000000;443;9445359140;S
20240119;100714;1465.800000000;25;9445359141;S
20240119;100714;1465.600000000;50;9445359142;S
20240119;100714;1465.400000000;16;9445359143;S
20240119;100714;1465.400000000;9;9445359144;S
20240119;100718;1465.800000000;48;9445359692;S
20240119;100719;1465.600000000;2;9445359746;B
20240119;100719;1465.600000000;1;9445359817;B
20240119;100722;1465.400000000;136;9445360122;B
20240119;100722;1465.400000000;136;9445360123;B
20240119;100725;1465.400000000;14;9445360549;B
20240119;100728;1465.400000000;14;9445361095;B
20240119;100729;1465.600000000;4;9445361483;B
20240119;100731;1465.200000000;1;9445361778;S
20240119;100731;1465.000000000;2;9445361779;S
20240119;100731;1465.000000000;1;9445361780;S
20240119;100731;1465.000000000;6;9445361781;S
20240119;100731;1465.000000000;10;9445361782;S
20240119;100734;1465.400000000;1;9445362363;B
20240119;100737;1465.400000000;1;9445362636;B
20240119;100740;1465.000000000;69;9445363055;B
20240119;100740;1465.000000000;69;9445363092;B
20240119;100744;1465.000000000;37;9445363590;B
20240119;100747;1465.200000000;1;9445364076;B
20240119;100750;1465.200000000;914;9445364424;B
20240119;100750;1465.200000000;25;9445364425;B
20240119;100753;1465.200000000;15;9445364681;S
20240119;100753;1465.200000000;10;9445364682;S
20240119;100756;1465.000000000;23;9445365092;S
20240119;100756;1465.000000000;27;9445365093;S
20240119;100816;1465.400000000;86;9445368139;S
20240119;100816;1465.600000000;15;9445368140;B
20240119;100818;1465.400000000;16;9445368339;S
20240119;100822;1465.600000000;14;9445368640;B
20240119;100824;1465.600000000;14;9445368953;B
20240119;100829;1465.600000000;14;9445369398;B
20240119;100834;1465.800000000;192;9445369869;B
20240119;100836;1466.000000000;1;9445370049;B
20240119;100841;1465.600000000;4;9445370440;S
20240119;100841;1465.800000000;1;9445370581;B
20240119;100843;1465.800000000;22;9445370693;B
20240119;100847;1466.000000000;8;9445371192;B
20240119;100847;1466.000000000;25;9445371193;B
20240119;100847;1466.000000000;3;9445371194;B
20240119;100847;1466.200000000;443;9445371195;B
20240119;100847;1466.200000000;25;9445371196;B
20240119;100851;1466.600000000;1;9445371586;B
20240119;100851;1466.600000000;1;9445371603;B
20240119;100853;1466.600000000;6;9445371923;B
20240119;100855;1466.600000000;1;9445372079;B
20240119;100856;1466.200000000;1;9445372156;S
20240119;100904;1466.200000000;5;9445372941;S
20240119;100908;1466.600000000;1;9445373205;B
20240119;100911;1466.600000000;10;9445373458;B
20240119;100915;1466.200000000;8;9445373981;S
20240119;100918;1466.600000000;1;9445374272;B
20240119;100928;1466.600000000;70;9445375381;B
20240119;100935;1466.200000000;2;9445376107;S
20240119;100937;1466.600000000;10;9445376272;B
20240119;100937;1466.200000000;2;9445376341;S
20240119;100943;1466.600000000;99;9445376916;B
20240119;100943;1466.600000000;14;9445376917;B
20240119;100943;1466.800000000;54;9445376918;B
20240119;100943;1466.800000000;21;9445376919;B
20240119;100943;1467.000000000;171;9445376920;B
20240119;100943;1467.000000000;1;9445376921;B
20240119;100943;1467.000000000;10;9445376922;B
20240119;100943;1467.000000000;54;9445376923;B
20240119;100943;1467.000000000;25;9445376924;B
20240119;100943;1467.200000000;1;9445376925;B
20240119;100943;1467.200000000;50;9445376926;B
20240119;100950;1466.800000000;11;9445377866;S
20240119;100952;1466.800000000;58;9445378058;S
20240119;100952;1466.600000000;25;9445378059;S
20240119;100952;1466.600000000;70;9445378060;S
20240119;100952;1466.600000000;14;9445378061;S
20240119;100952;1466.400000000;2;9445378062;S
20240119;101006;1467.200000000;14;9445379815;B
20240119;101006;1467.400000000;25;9445379816;B
20240119;101006;1467.400000000;1;9445379817;B
20240119;101006;1467.400000000;3;9445379818;B
20240119;101006;1467.600000000;92;9445379819;B
20240119;101007;1467.600000000;8;9445380223;B
20240119;101007;1467.600000000;22;9445380224;B
20240119;101011;1467.200000000;1;9445380793;B
20240119;101017;1467.400000000;1;9445381643;B
20240119;101022;1467.400000000;1;9445382403;B
20240119;101041;1467.200000000;1;9445384660;B
20240119;101044;1467.000000000;5;9445384925;S
20240119;101044;1467.000000000;1;9445384926;S
20240119;101046;1466.600000000;2;9445385154;S
20240119;101051;1467.200000000;13;9445385736;B
20240119;101051;1467.200000000;87;9445385737;S
20240119;101101;1467.000000000;1;9445387340;B
20240119;101106;1467.000000000;4;9445387923;B
20240119;101106;1467.000000000;1;9445387924;B
20240119;101110;1467.000000000;1;9445388250;B
20240119;101124;1467.000000000;13;9445390108;B
20240119;101124;1467.000000000;8;9445390109;B
20240119;101124;1467.000000000;1;9445390110;B
20240119;101124;1467.200000000;2;9445390111;B
20240119;101124;1466.600000000;10;9445390192;S
20240119;101124;1466.600000000;35;9445390193;B
20240119;101137;1466.400000000;10;9445391563;S
20240119;101140;1466.800000000;20;9445392114;B
20240119;101156;1466.800000000;1;9445393947;B
20240119;101203;1466.800000000;1;9445394692;B
20240119;101204;1466.600000000;64;9445394770;S
20240119;101204;1466.600000000;2;9445394864;B
20240119;101206;1466.600000000;50;9445395173;B
20240119;101208;1466.600000000;3;9445395367;B
20240119;101209;1466.400000000;2;9445395436;S
20240119;101210;1466.600000000;1;9445395563;B
20240119;101217;1466.600000000;1;9445397282;B
20240119;101217;1466.600000000;1;9445397319;B
20240119;101220;1466.600000000;14;9445397738;B
20240119;101233;1466.400000000;1;9445398967;B
20240119;101235;1466.600000000;7;9445399147;B
20240119;101236;1466.200000000;48;9445399614;S
20240119;101236;1466.000000000;1;9445399615;S
20240119;101236;1466.000000000;200;9445399616;S
20240119;101236;1466.000000000;1;9445399617;S
20240119;101251;1466.000000000;1;9445401229;S
20240119;101251;1466.000000000;10;9445401230;S
20240119;101251;1466.000000000;1;9445401231;S
20240119;101251;1466.000000000;1;9445401232;S
20240119;101251;1466.000000000;2;9445401233;S
20240119;101251;1466.000000000;19;9445401234;S
20240119;101251;1466.400000000;1;9445401249;B
20240119;101258;1466.400000000;1;9445402189;B
20240119;101306;1466.000000000;2;9445403068;S
20240119;101307;1466.200000000;1;9445403120;B
20240119;101314;1466.200000000;5;9445403751;B
20240119;101317;1466.200000000;1;9445404005;B
20240119;101317;1466.000000000;3;9445404023;S
20240119;101320;1466.000000000;16;9445404386;S
20240119;101320;1466.000000000;1;9445404387;S
20240119;101320;1466.000000000;100;9445404388;S
20240119;101326;1465.800000000;1;9445404996;S
20240119;101326;1465.800000000;33;9445404997;S
20240119;101326;1465.800000000;467;9445404998;S
20240119;101326;1465.800000000;1;9445404999;S
20240119;101326;1465.800000000;63;9445405000;S
20240119;101326;1465.600000000;3;9445405002;S
20240119;101326;1465.600000000;1;9445405003;S
20240119;101327;1465.600000000;13;9445405145;B
20240119;101327;1465.800000000;37;9445405146;B
20240119;101328;1465.800000000;3;9445405229;B
20240119;101332;1465.800000000;1;9445405632;B
20240119;101349;1465.800000000;2;9445407621;B
20240119;101349;1465.400000000;4;9445407622;S
20240119;101349;1465.400000000;30;9445407623;S
20240119;101351;1465.400000000;4;9445407895;S
20240119;101354;1465.000000000;3;9445408301;S
20240119;101401;1465.000000000;47;9445408950;S
20240119;101401;1465.000000000;1;9445408951;S
20240119;101401;1465.000000000;1;9445408952;S
20240119;101401;1465.000000000;6;9445408953;S
20240119;101401;1464.800000000;1;9445408954;S
20240119;101401;1464.800000000;1;9445408955;S
20240119;101401;1464.800000000;4;9445408956;S
20240119;101401;1464.800000000;5;9445408957;S
20240119;101401;1464.800000000;25;9445408958;S
20240119;101401;1464.800000000;62;9445408959;S
20240119;101401;1464.600000000;5;9445408960;S
20240119;101401;1464.600000000;1;9445408961;S
20240119;101401;1464.600000000;41;9445408962;S
20240119;101401;1464.800000000;28;9445408988;S
20240119;101405;1464.400000000;5;9445409803;S
20240119;101405;1464.400000000;1;9445409804;S
20240119;101405;1464.400000000;1;9445409805;S
20240119;101405;1464.400000000;54;9445409806;S
20240119;101405;1464.400000000;24;9445409807;S
20240119;101405;1464.400000000;25;9445409808;S
20240119;101405;1464.400000000;12;9445409809;S
20240119;101405;1464.200000000;23;9445409810;S
20240119;101405;1464.200000000;1;9445409811;S
20240119;101405;1464.200000000;1;9445409812;S
20240119;101405;1464.200000000;54;9445409813;S
20240119;101405;1464.200000000;144;9445409814;S
20240119;101405;1465.000000000;1;9445409859;B
20240119;101411;1465.000000000;1;9445410416;B
20240119;101414;1465.000000000;12;9445410700;B
20240119;101418;1465.000000000;9;9445411178;B
20240119;101418;1465.200000000;15;9445411179;B
20240119;101420;1465.000000000;2;9445411435;B
20240119;101420;1465.000000000;2;9445411468;B
20240119;101421;1465.000000000;1;9445411563;B
20240119;101426;1465.000000000;1;9445412065;B
20240119;101438;1465.000000000;3;9445413502;B
20240119;101438;1465.000000000;1;9445413503;B
20240119;101438;1465.200000000;6;9445413508;B
20240119;101444;1465.200000000;4;9445414085;B
20240119;101444;1465.200000000;12;9445414086;B
20240119;101444;1465.400000000;39;9445414087;B
20240119;101445;1465.600000000;2;9445414304;B
20240119;101454;1465.200000000;1;9445416013;S
20240119;101455;1465.200000000;5;9445416381;S
20240119;101459;1465.000000000;2;9445416829;S
20240119;101459;1465.000000000;2;9445416830;S
20240119;101459;1465.000000000;1;9445416831;S
20240119;101459;1465.000000000;1;9445416832;S
20240119;101503;1465.200000000;2;9445417504;B
20240119;101511;1464.400000000;1;9445419129;S
20240119;101520;1464.800000000;7;9445421338;B
20240119;101520;1464.800000000;10;9445421362;B
20240119;101523;1464.800000000;6;9445422039;B
20240119;101524;1464.800000000;1;9445422087;B
20240119;101525;1464.600000000;10;9445422443;B
20240119;101531;1464.400000000;3;9445423576;S
20240119;101538;1464.600000000;11;9445424983;B
20240119;101538;1464.800000000;30;9445424984;B
20240119;101538;1465.000000000;5;9445424985;B
20240119;101538;1465.000000000;22;9445424986;B
20240119;101538;1465.000000000;54;9445424987;B
20240119;101538;1465.200000000;54;9445424988;B
20240119;101538;1465.200000000;1;9445424989;B
20240119;101538;1465.400000000;25;9445424990;B
20240119;101538;1465.400000000;9;9445424991;B
20240119;101538;1465.400000000;136;9445424992;B
20240119;101538;1465.800000000;10;9445424993;B
20240119;101538;1465.800000000;5;9445424994;B
20240119;101538;1466.000000000;2;9445424995;B
20240119;101538;1466.000000000;16;9445424996;B
20240119;101538;1466.000000000;46;9445424997;B
20240119;101538;1465.800000000;25;9445424999;B
20240119;101538;1465.800000000;54;9445425000;B
20240119;101538;1465.800000000;21;9445425001;B
20240119;101544;1465.400000000;1;9445426364;B
20240119;101545;1465.600000000;1;9445426451;B
20240119;101546;1465.600000000;4;9445426713;B
20240119;101547;1464.800000000;25;9445426828;S
20240119;101547;1464.800000000;13;9445426829;S
20240119;101547;1464.600000000;10;9445426830;S
20240119;101547;1464.600000000;11;9445426831;S
20240119;101547;1464.600000000;41;9445426832;S
20240119;101549;1465.200000000;5;9445427368;B
20240119;101550;1464.400000000;2;9445427622;S
20240119;101550;1464.400000000;71;9445427623;S
20240119;101551;1464.200000000;23;9445428026;S
20240119;101551;1464.200000000;30;9445428027;S
20240119;101551;1464.000000000;2;9445428028;S
20240119;101551;1464.000000000;7;9445428029;S
20240119;101551;1464.000000000;5;9445428030;S
20240119;101551;1464.000000000;8;9445428031;S
20240119;101551;1464.000000000;11;9445428188;S
20240119;101551;1464.000000000;41;9445428287;S
20240119;101551;1464.000000000;2;9445428288;S
20240119;101551;1464.000000000;32;9445428289;S
20240119;101551;1464.000000000;18;9445428442;S
20240119;101551;1464.000000000;1;9445428443;S
20240119;101551;1464.000000000;2;9445428444;S
20240119;101551;1464.000000000;54;9445428445;S
20240119;101552;1463.800000000;1;9445428578;S
20240119;101552;1463.800000000;46;9445428579;S
20240119;101552;1463.800000000;11;9445428757;B
20240119;101552;1463.800000000;4;9445428758;B
20240119;101553;1463.600000000;1;9445429455;S
20240119;101553;1463.600000000;1;9445429456;S
20240119;101555;1463.800000000;11;9445430028;B
20240119;101556;1463.600000000;3;9445430434;S
20240119;101556;1463.600000000;50;9445430435;S
20240119;101556;1463.600000000;1;9445430436;S
20240119;101556;1463.600000000;46;9445430437;S
20240119;101556;1463.600000000;198;9445430439;S
20240119;101601;1463.600000000;10;9445432168;B
20240119;101602;1463.800000000;3;9445432378;B
20240119;101605;1463.400000000;2;9445432964;S
20240119;101605;1463.400000000;1;9445432965;S
20240119;101605;1463.400000000;1;9445432966;S
20240119;101605;1463.400000000;7;9445432967;S
20240119;101605;1463.400000000;1;9445432979;S
20240119;101606;1463.600000000;5;9445433193;B
20240119;101606;1463.400000000;2;9445433263;S
20240119;101607;1463.600000000;1;9445433354;B
20240119;101607;1463.400000000;10;9445433500;S
20240119;101608;1463.600000000;4;9445433753;B
20240119;101608;1463.600000000;9;9445433754;B
20240119;101609;1463.600000000;11;9445433901;S
20240119;101609;1463.400000000;80;9445433988;S
20240119;101609;1463.400000000;50;9445433989;S
20240119;101609;1463.400000000;1;9445433990;S
20240119;101609;1463.400000000;1;9445433991;S
20240119;101609;1463.400000000;15;9445433992;S
20240119;101609;1463.400000000;53;9445433993;S
20240119;101610;1463.600000000;1;9445434183;B
20240119;101610;1463.600000000;10;9445434258;B
20240119;101611;1463.600000000;1;9445434411;B
20240119;101612;1463.600000000;1;9445434554;B
20240119;101613;1463.600000000;1;9445434786;B
20240119;101613;1463.600000000;1;9445434805;B
20240119;101614;1463.600000000;2;9445434867;B
20240119;101614;1463.400000000;200;9445434983;S
20240119;101615;1463.600000000;1;9445435050;B
20240119;101616;1463.400000000;12;9445435291;S
20240119;101617;1463.600000000;7;9445435464;B
20240119;101621;1463.600000000;2;9445436293;B
20240119;101623;1463.600000000;1;9445436660;B
20240119;101623;1463.600000000;1;9445436675;B
20240119;101623;1463.600000000;1;9445436741;B
20240119;101626;1463.400000000;1;9445437650;S
20240119;101626;1463.600000000;2;9445437734;B
20240119;101627;1463.600000000;2;9445437917;B
20240119;101628;1463.600000000;1;9445438161;B
20240119;101629;1463.600000000;20;9445438237;B
20240119;101629;1463.400000000;1;9445438249;S
20240119;101629;1463.600000000;7;9445438296;B
20240119;101629;1463.600000000;9;9445438300;B
20240119;101631;1463.600000000;3;9445438553;B
20240119;101632;1463.600000000;1;9445439188;B
20240119;101632;1463.600000000;1;9445439206;B
20240119;101633;1463.600000000;1;9445439268;B
20240119;101633;1463.600000000;1;9445439300;B
20240119;101633;1463.600000000;1;9445439435;B
20240119;101635;1463.600000000;2;9445439813;B
20240119;101637;1463.600000000;1;9445440180;B
20240119;101638;1463.400000000;3;9445440221;S
20240119;101638;1463.400000000;2;9445440312;S
20240119;101638;1463.600000000;1;9445440350;B
20240119;101639;1463.400000000;2;9445440365;S
20240119;101639;1463.600000000;3;9445440366;B
20240119;101639;1463.600000000;2;9445440485;B
20240119;101641;1463.600000000;1;9445440844;B
20240119;101644;1463.400000000;17;9445441220;S
20240119;101644;1463.600000000;2;9445441312;B
20240119;101645;1463.600000000;1;9445441375;B
20240119;101645;1463.600000000;1;9445441681;B
20240119;101646;1463.400000000;4;9445441712;S
20240119;101647;1463.600000000;2;9445442012;B
20240119;101651;1463.400000000;100;9445442660;S
20240119;101655;1463.600000000;2;9445443238;B
20240119;101655;1463.400000000;5;9445443335;S
20240119;101655;1463.400000000;1;9445443336;S
20240119;101655;1463.400000000;11;9445443337;S
20240119;101655;1463.400000000;6;9445443338;S
20240119;101656;1463.200000000;2;9445443524;S
20240119;101656;1463.200000000;1;9445443525;S
20240119;101658;1463.400000000;77;9445443799;B
20240119;101658;1463.400000000;11;9445443800;B
20240119;101658;1463.600000000;92;9445443801;B
20240119;101658;1463.600000000;42;9445443802;B
20240119;101658;1463.800000000;26;9445443803;B
20240119;101700;1463.600000000;11;9445444856;B
20240119;101700;1463.800000000;75;9445444857;B
20240119;101700;1464.000000000;69;9445444858;B
20240119;101700;1464.000000000;192;9445444859;B
20240119;101700;1464.000000000;70;9445444860;B
20240119;101700;1464.200000000;54;9445444861;B
20240119;101700;1464.200000000;25;9445444862;B
20240119;101700;1464.200000000;25;9445444863;B
20240119;101700;1464.200000000;56;9445444864;B
20240119;101704;1463.400000000;40;9445445908;B
20240119;101704;1463.400000000;35;9445445963;B
20240119;101705;1463.200000000;2;9445445992;S
20240119;101705;1463.400000000;100;9445446108;B
20240119;101707;1463.400000000;12;9445446486;B
20240119;101708;1463.400000000;6;9445446599;B
20240119;101710;1463.400000000;1;9445446896;B
20240119;101713;1463.400000000;1;9445447486;B
20240119;101716;1463.200000000;1;9445448225;S
20240119;101716;1463.200000000;1;9445448226;S
20240119;101716;1463.200000000;3;9445448227;S
20240119;101716;1463.200000000;1;9445448228;S
20240119;101716;1463.200000000;2;9445448229;S
20240119;101716;1463.200000000;3;9445448230;S
20240119;101716;1463.200000000;1;9445448231;S
20240119;101716;1463.200000000;1;9445448232;S
20240119;101716;1463.200000000;1;9445448233;S
20240119;101716;1463.200000000;1;9445448234;S
20240119;101716;1463.200000000;1;9445448235;S
20240119;101716;1463.200000000;4;9445448236;S
20240119;101718;1463.200000000;15;9445448666;S
20240119;101718;1463.400000000;4;9445448826;B
20240119;101719;1463.400000000;1;9445449109;B
20240119;101720;1463.400000000;2;9445449209;B
20240119;101727;1463.400000000;1;9445450540;B
20240119;101729;1463.400000000;1;9445450943;B
20240119;101729;1463.400000000;1;9445450944;B
20240119;101730;1463.400000000;4;9445451072;S
20240119;101732;1463.400000000;3;9445451434;S
20240119;101733;1464.000000000;3;9445451726;B
20240119;101734;1463.600000000;56;9445452186;S
20240119;101734;1463.600000000;11;9445452187;S
20240119;101740;1464.000000000;1;9445453665;B
20240119;101744;1464.200000000;1;9445454519;B
20240119;101745;1464.000000000;32;9445454551;B
20240119;101752;1464.000000000;1;9445455982;B
20240119;101754;1464.000000000;50;9445456285;S
20240119;101757;1464.000000000;15;9445456794;S
20240119;101802;1464.400000000;38;9445457997;B
20240119;101802;1464.400000000;23;9445458044;B
20240119;101808;1464.600000000;54;9445459065;B
20240119;101810;1464.600000000;11;9445459574;S
20240119;101810;1464.600000000;4;9445459575;S
20240119;101817;1465.000000000;30;9445460823;B
20240119;101818;1464.800000000;2;9445460903;S
20240119;101820;1464.600000000;15;9445461289;S
20240119;101820;1464.600000000;21;9445461290;S
20240119;101823;1464.600000000;11;9445462324;S
20240119;101823;1464.400000000;7;9445462325;S
20240119;101824;1464.600000000;1;9445462459;B
20240119;101824;1465.000000000;1;9445462559;B
20240119;101824;1465.200000000;11;9445462560;B
20240119;101824;1465.400000000;158;9445462561;B
20240119;101824;1465.600000000;30;9445462562;B
20240119;101829;1465.400000000;1;9445463139;S
20240119;101830;1465.000000000;2;9445463338;S
20240119;101834;1465.600000000;1;9445463920;B
20240119;101835;1465.600000000;1;9445464039;B
20240119;101842;1465.000000000;10;9445464908;S
20240119;101842;1465.000000000;11;9445464909;S
20240119;101845;1465.000000000;1;9445465249;B
20240119;101849;1465.000000000;1;9445465754;B
20240119;101850;1465.000000000;1;9445465803;B
20240119;101851;1464.800000000;55;9445466103;S
20240119;101851;1464.600000000;25;9445466104;S
20240119;101851;1464.600000000;11;9445466105;S
20240119;101851;1464.400000000;1;9445466106;S
20240119;101851;1464.200000000;192;9445466107;S
20240119;101851;1464.200000000;54;9445466108;S
20240119;101851;1464.200000000;25;9445466109;S
20240119;101851;1464.200000000;69;9445466110;S
20240119;101851;1464.000000000;234;9445466111;S
20240119;101851;1464.000000000;2;9445466112;S
20240119;101851;1464.000000000;54;9445466113;S
20240119;101851;1464.000000000;136;9445466114;S
20240119;101851;1464.000000000;70;9445466115;S
20240119;101851;1464.000000000;16;9445466116;S
20240119;101851;1464.000000000;38;9445466117;B
20240119;101855;1464.000000000;1;9445466572;S
20240119;101855;1463.800000000;25;9445466573;S
20240119;101855;1463.800000000;11;9445466574;S
20240119;101855;1463.600000000;8;9445466575;S
20240119;101857;1464.200000000;2;9445466932;B
20240119;101911;1464.200000000;1;9445468953;B
20240119;101911;1464.200000000;1;9445469003;B
20240119;101920;1464.400000000;2;9445470056;B
20240119;101928;1464.200000000;1;9445471526;S
20240119;101928;1464.000000000;1;9445471527;S
20240119;101928;1464.000000000;4;9445471528;S
20240119;101931;1464.000000000;1;9445471802;S
20240119;101933;1464.200000000;1;9445471940;B
20240119;101933;1464.000000000;1;9445471946;S
20240119;101933;1463.800000000;11;9445471947;S
20240119;101933;1463.600000000;23;9445471948;S
20240119;101940;1464.200000000;1;9445472819;B
20240119;101947;1464.200000000;10;9445473463;B
20240119;101947;1464.200000000;10;9445473464;B
20240119;102003;1464.200000000;10;9445475692;B
20240119;102005;1464.200000000;1;9445475900;B
20240119;102005;1464.200000000;69;9445475901;B
20240119;102005;1464.000000000;2;9445475902;S
20240119;102007;1464.000000000;8;9445476059;S
20240119;102007;1464.000000000;5;9445476060;S
20240119;102007;1464.000000000;12;9445476061;S
20240119;102009;1464.000000000;42;9445476310;S
20240119;102009;1464.000000000;108;9445476311;S
20240119;102011;1464.200000000;1;9445476665;B
20240119;102016;1464.200000000;100;9445477216;B
20240119;102016;1464.000000000;5;9445477220;S
20240119;102017;1464.400000000;1;9445477294;B
20240119;102020;1464.400000000;10;9445477993;B
20240119;102021;1464.200000000;5;9445478010;S
20240119;102022;1464.400000000;2;9445478264;B
20240119;102023;1464.200000000;1;9445478374;S
20240119;102023;1464.400000000;2;9445478462;B
20240119;102024;1464.200000000;1;9445478471;S
20240119;102030;1464.400000000;3;9445479589;B
20240119;102033;1464.400000000;7;9445480084;B
20240119;102033;1464.400000000;10;9445480085;B
20240119;102033;1464.400000000;400;9445480086;B
20240119;102033;1464.400000000;25;9445480087;B
20240119;102033;1464.400000000;37;9445480088;B
20240119;102033;1464.600000000;192;9445480089;B
20240119;102038;1464.800000000;1;9445480798;B
20240119;102046;1464.800000000;2;9445481673;B
20240119;102100;1464.800000000;1;9445483304;B
20240119;102102;1464.800000000;2;9445483488;B
20240119;102102;1464.600000000;2;9445483549;S
20240119;102102;1464.800000000;194;9445483751;B
20240119;102102;1464.800000000;25;9445483752;B
20240119;102102;1464.800000000;1;9445483753;B
20240119;102102;1464.800000000;54;9445483754;B
20240119;102102;1464.800000000;500;9445483755;B
20240119;102102;1464.800000000;25;9445483756;B
20240119;102107;1464.600000000;2;9445484302;S
20240119;102109;1464.600000000;1;9445484571;S
20240119;102109;1464.400000000;75;9445484572;S
20240119;102109;1464.400000000;35;9445484573;S
20240119;102109;1464.200000000;28;9445484574;S
20240119;102109;1464.200000000;1;9445484575;S
20240119;102109;1464.200000000;192;9445484576;S
20240119;102109;1464.200000000;25;9445484577;S
20240119;102109;1464.200000000;15;9445484578;S
20240119;102109;1464.200000000;60;9445484579;S
20240119;102109;1464.000000000;387;9445484580;S
20240119;102109;1464.000000000;1;9445484581;S
20240119;102109;1464.000000000;25;9445484582;S
20240119;102109;1464.000000000;136;9445484583;S
20240119;102109;1464.000000000;75;9445484584;B
20240119;102109;1464.000000000;88;9445484585;B
20240119;102109;1464.000000000;1;9445484588;B
20240119;102109;1464.000000000;75;9445484618;B
20240119;102111;1464.000000000;1;9445484950;B
20240119;102115;1463.600000000;1;9445485386;S
20240119;102115;1463.600000000;1;9445485387;S
20240119;102116;1464.000000000;1;9445485552;B
20240119;102121;1464.000000000;1;9445485992;B
20240119;102122;1463.800000000;17;9445486115;S
20240119;102122;1463.800000000;13;9445486116;S
20240119;102122;1463.600000000;10;9445486117;S
20240119;102122;1463.600000000;54;9445486118;S
20240119;102122;1463.400000000;1;9445486119;S
20240119;102122;1463.400000000;54;9445486120;S
20240119;102122;1463.400000000;18;9445486121;S
20240119;102122;1463.400000000;69;9445486122;S
20240119;102122;1463.200000000;4;9445486123;S
20240119;102122;1463.200000000;1;9445486124;S
20240119;102122;1463.200000000;1;9445486125;S
20240119;102122;1463.200000000;8;9445486126;S
20240119;102124;1463.800000000;5;9445486324;B
20240119;102124;1463.600000000;1;9445486383;B
20240119;102131;1463.800000000;1;9445486968;B
20240119;102135;1463.600000000;20;9445487444;S
20240119;102139;1463.800000000;3;9445487786;B
20240119;102140;1463.800000000;30;9445487932;B
20240119;102142;1463.800000000;1;9445488117;B
20240119;102147;1464.000000000;3;9445488523;B
20240119;102206;1463.600000000;1;9445490408;S
20240119;102210;1463.800000000;1;9445490868;B
20240119;102218;1463.800000000;10;9445491595;B
20240119;102222;1463.800000000;2;9445492060;B
20240119;102226;1463.600000000;65;9445492435;S
20240119;102226;1463.600000000;4;9445492436;S
20240119;102226;1463.400000000;9;9445492437;S
20240119;102226;1463.400000000;5;9445492438;S
20240119;102226;1463.400000000;1;9445492439;S
20240119;102226;1463.400000000;13;9445492440;S
20240119;102226;1463.200000000;38;9445492441;S
20240119;102227;1463.800000000;2;9445492553;B
20240119;102228;1463.400000000;4;9445492650;S
20240119;102228;1463.400000000;14;9445492651;S
20240119;102228;1463.400000000;68;9445492652;S
20240119;102228;1463.200000000;4;9445492653;S
20240119;102228;1463.200000000;100;9445492654;S
20240119;102228;1463.200000000;100;9445492655;S
20240119;102228;1463.200000000;2;9445492656;S
20240119;102228;1463.200000000;1;9445492657;S
20240119;102228;1463.200000000;100;9445492658;S
20240119;102228;1463.200000000;1;9445492659;S
20240119;102228;1463.200000000;37;9445492660;S
20240119;102228;1463.200000000;25;9445492661;S
20240119;102228;1463.200000000;1;9445492662;S
20240119;102228;1463.200000000;2;9445492663;S
20240119;102228;1463.000000000;3;9445492664;S
20240119;102228;1463.000000000;1;9445492665;S
20240119;102228;1463.000000000;2;9445492666;S
20240119;102228;1463.000000000;135;9445492667;S
20240119;102228;1463.200000000;4;9445492711;S
20240119;102228;1463.000000000;97;9445492712;S
20240119;102228;1463.000000000;1;9445492724;S
20240119;102231;1463.600000000;1;9445492978;B
20240119;102231;1463.000000000;715;9445492990;S
20240119;102232;1463.400000000;5;9445493095;B
20240119;102236;1463.600000000;1;9445493534;B
20240119;102241;1463.800000000;4;9445494078;B
20240119;102306;1463.800000000;1;9445496437;B
20240119;102316;1463.800000000;1;9445497632;B
20240119;102318;1463.800000000;2;9445497840;B
20240119;102326;1463.400000000;2;9445498893;S
20240119;102333;1463.400000000;12;9445499661;S
20240119;102335;1463.400000000;5;9445499924;S
20240119;102335;1463.200000000;1;9445499925;S
20240119;102335;1463.200000000;6;9445499926;S
20240119;102335;1463.200000000;5;9445499927;S
20240119;102335;1463.200000000;4;9445499928;S
20240119;102335;1463.200000000;1;9445499929;S
20240119;102335;1463.200000000;1;9445499930;S
20240119;102337;1463.800000000;1;9445500188;B
20240119;102338;1463.800000000;3;9445500213;B
20240119;102351;1463.800000000;1;9445501614;B
20240119;102357;1463.800000000;1;9445502200;B
20240119;102357;1463.800000000;9;9445502237;B
20240119;102357;1463.800000000;16;9445502238;B
20240119;102359;1463.800000000;25;9445502658;B
20240119;102400;1463.800000000;1;9445502755;B
20240119;102401;1463.800000000;4;9445502816;B
20240119;102410;1463.600000000;1;9445504102;B
20240119;102413;1463.600000000;1;9445504569;B
20240119;102416;1463.400000000;64;9445504904;S
20240119;102420;1463.600000000;2;9445505339;B
20240119;102423;1463.600000000;5;9445505626;B
20240119;102423;1463.600000000;3;9445505667;B
20240119;102427;1463.600000000;2;9445506182;B
20240119;102428;1463.400000000;2;9445506250;S
20240119;102428;1463.600000000;4;9445506281;B
20240119;102431;1463.600000000;7;9445506560;B
20240119;102436;1463.600000000;1;9445507082;B
20240119;102437;1463.600000000;10;9445507148;B
20240119;102440;1463.400000000;7;9445507649;S
20240119;102440;1463.200000000;49;9445507650;S
20240119;102440;1463.200000000;4;9445507651;S
20240119;102440;1463.200000000;90;9445507652;S
20240119;102440;1463.200000000;2;9445507653;S
20240119;102440;1463.200000000;48;9445507654;S
20240119;102441;1463.200000000;3;9445507706;S
20240119;102453;1463.400000000;1;9445509691;B
20240119;102456;1463.400000000;2;9445509980;B
20240119;102501;1463.400000000;6;9445510396;B
20240119;102502;1463.400000000;3;9445510432;B
20240119;102506;1463.400000000;1;9445510939;B
20240119;102507;1463.400000000;1;9445511024;B
20240119;102510;1463.400000000;2;9445511449;B
20240119;102514;1463.200000000;49;9445511888;S
20240119;102514;1463.200000000;1;9445511889;S
20240119;102518;1463.200000000;2;9445512324;S
20240119;102518;1463.400000000;2;9445512338;B
20240119;102520;1463.000000000;1;9445512524;S
20240119;102521;1463.400000000;3;9445512533;B
20240119;102521;1463.400000000;97;9445512534;B
20240119;102528;1463.600000000;1;9445513344;B
20240119;102528;1463.600000000;6;9445513345;B
20240119;102529;1463.200000000;5;9445513502;S
20240119;102533;1463.200000000;1;9445513935;S
20240119;102544;1463.600000000;2;9445515069;B
20240119;102545;1463.200000000;1;9445515199;S
20240119;102552;1463.400000000;15;9445516011;S
20240119;102552;1463.400000000;67;9445516012;S
20240119;102552;1463.400000000;23;9445516013;S
20240119;102552;1463.200000000;1;9445516014;S
20240119;102552;1463.200000000;10;9445516015;S
20240119;102552;1463.200000000;2;9445516016;S
20240119;102552;1463.200000000;10;9445516017;S
20240119;102552;1463.200000000;2;9445516018;S
20240119;102552;1463.000000000;346;9445516019;S
20240119;102553;1463.600000000;72;9445516111;B
20240119;102555;1463.600000000;4;9445516209;B
20240119;102558;1463.600000000;4;9445516435;B
20240119;102558;1463.200000000;2;9445516475;S
20240119;102601;1463.600000000;4;9445516687;B
20240119;102601;1463.800000000;1;9445516781;B
20240119;102602;1463.200000000;8;9445516884;S
20240119;102602;1463.200000000;1;9445516885;S
20240119;102602;1463.200000000;10;9445516886;S
20240119;102602;1463.200000000;8;9445516887;S
20240119;102602;1463.000000000;38;9445516888;S
20240119;102611;1463.600000000;1;9445517735;B
20240119;102615;1463.600000000;1;9445518170;B
20240119;102619;1463.800000000;2;9445518541;B
20240119;102619;1463.800000000;6;9445518542;B
20240119;102619;1463.800000000;1;9445518543;B
20240119;102619;1463.800000000;4;9445518544;B
20240119;102622;1463.800000000;1;9445518899;B
20240119;102622;1463.800000000;4;9445518900;B
20240119;102622;1463.200000000;1;9445518929;S
20240119;102622;1463.200000000;1;9445518930;S
20240119;102624;1463.800000000;1;9445519164;B
20240119;102625;1463.800000000;26;9445519204;B
20240119;102625;1463.800000000;55;9445519205;B
20240119;102630;1463.600000000;4;9445519928;S
20240119;102633;1463.600000000;1;9445520213;S
20240119;102633;1463.400000000;82;9445520214;S
20240119;102633;1463.200000000;9;9445520215;S
20240119;102633;1463.200000000;10;9445520216;S
20240119;102633;1463.200000000;30;9445520217;S
20240119;102633;1463.200000000;10;9445520218;S
20240119;102633;1463.200000000;25;9445520219;S
20240119;102633;1463.200000000;10;9445520220;S
20240119;102633;1463.200000000;69;9445520221;S
20240119;102633;1463.000000000;5254;9445520222;S
20240119;102633;1463.200000000;69;9445520223;S
20240119;102633;1463.000000000;1;9445520280;S
20240119;102635;1463.000000000;7;9445520467;S
20240119;102640;1463.200000000;1;9445520855;B
20240119;102640;1463.400000000;1;9445520866;B
20240119;102648;1463.200000000;10;9445521807;S
20240119;102650;1463.200000000;7;9445522006;S
20240119;102652;1463.200000000;9;9445522138;S
20240119;102653;1463.200000000;43;9445522429;S
20240119;102655;1463.200000000;10;9445522680;B
20240119;102658;1463.000000000;1000;9445522977;S
20240119;102700;1463.000000000;50;9445523060;S
20240119;102700;1463.000000000;50;9445523061;S
20240119;102700;1463.000000000;305;9445523062;S
20240119;102700;1463.000000000;30;9445523063;S
20240119;102700;1463.000000000;20;9445523064;S
20240119;102700;1463.000000000;42;9445523084;S
20240119;102700;1463.000000000;2;9445523085;S
20240119;102700;1463.000000000;1;9445523086;S
20240119;102700;1463.000000000;20;9445523087;S
20240119;102700;1463.000000000;1;9445523088;S
20240119;102700;1463.000000000;1;9445523089;S
20240119;102700;1463.000000000;18;9445523090;S
20240119;102700;1463.000000000;10;9445523091;S
20240119;102700;1463.000000000;1;9445523092;S
20240119;102700;1463.000000000;1;9445523093;S
20240119;102700;1463.000000000;1;9445523094;S
20240119;102700;1463.000000000;8;9445523095;S
20240119;102700;1463.000000000;5;9445523096;S
20240119;102700;1463.000000000;1;9445523097;S
20240119;102700;1463.000000000;1;9445523098;S
20240119;102700;1463.000000000;20;9445523099;S
20240119;102700;1463.000000000;1;9445523100;S
20240119;102700;1463.000000000;10;9445523101;S
20240119;102700;1463.000000000;1;9445523102;S
20240119;102700;1463.000000000;4;9445523103;S
20240119;102700;1463.000000000;1;9445523104;S
20240119;102700;1463.000000000;7;9445523105;S
20240119;102700;1463.000000000;20;9445523106;S
20240119;102700;1463.000000000;2;9445523107;S
20240119;102700;1463.000000000;18;9445523108;S
20240119;102700;1463.000000000;3;9445523109;S
20240119;102700;1463.000000000;27;9445523110;S
20240119;102700;1463.000000000;1;9445523111;S
20240119;102700;1463.000000000;20;9445523112;S
20240119;102700;1463.000000000;3;9445523113;S
20240119;102700;1463.000000000;2;9445523114;S
20240119;102700;1463.000000000;10;9445523115;S
20240119;102700;1462.800000000;2;9445523116;S
20240119;102700;1462.800000000;2;9445523117;S
20240119;102700;1462.800000000;5;9445523118;S
20240119;102700;1462.800000000;25;9445523119;S
20240119;102700;1462.800000000;1;9445523120;S
20240119;102700;1462.800000000;2;9445523121;S
20240119;102700;1462.800000000;5;9445523122;S
20240119;102700;1462.600000000;30;9445523123;S
20240119;102700;1462.600000000;1;9445523124;S
20240119;102700;1462.600000000;1;9445523125;S
20240119;102700;1462.600000000;1;9445523126;S
20240119;102700;1462.600000000;30;9445523127;S
20240119;102700;1462.400000000;1;9445523128;S
20240119;102700;1462.400000000;1;9445523129;S
20240119;102700;1462.400000000;1;9445523130;S
20240119;102700;1462.400000000;30;9445523131;S
20240119;102700;1462.400000000;75;9445523132;S
20240119;102700;1462.200000000;50;9445523133;S
20240119;102700;1462.200000000;3;9445523134;S
20240119;102700;1462.200000000;90;9445523135;S
20240119;102700;1462.200000000;1;9445523136;S
20240119;102700;1462.200000000;1;9445523137;S
20240119;102700;1462.200000000;25;9445523138;S
20240119;102700;1462.200000000;1;9445523139;S
20240119;102700;1462.200000000;1;9445523140;S
20240119;102700;1462.000000000;10;9445523175;S
20240119;102700;1462.000000000;1;9445523176;S
20240119;102700;1462.000000000;9;9445523177;S
20240119;102700;1462.000000000;1;9445523186;S
20240119;102700;1462.000000000;3;9445523187;S
20240119;102700;1462.000000000;1;9445523188;S
20240119;102700;1462.000000000;1;9445523189;S
20240119;102700;1462.000000000;20;9445523190;S
20240119;102700;1462.000000000;3;9445523191;S
20240119;102700;1462.000000000;1;9445523192;S
20240119;102700;1462.000000000;1;9445523193;S
20240119;102700;1462.000000000;1;9445523194;S
20240119;102700;1462.000000000;10;9445523195;S
20240119;102700;1462.000000000;100;9445523196;S
20240119;102700;1462.000000000;3;9445523197;S
20240119;102700;1462.000000000;10;9445523198;S
20240119;102700;1462.000000000;1;9445523199;S
20240119;102700;1462.000000000;1;9445523200;S
20240119;102700;1462.000000000;3;9445523201;S
20240119;102700;1462.000000000;1;9445523202;S
20240119;102700;1462.000000000;9;9445523203;S
20240119;102700;1462.000000000;34;9445523204;S
20240119;102701;1462.200000000;1;9445523215;B
20240119;102701;1462.000000000;16;9445523216;S
20240119;102701;1462.000000000;1;9445523217;S
20240119;102701;1462.000000000;2;9445523218;S
20240119;102701;1462.000000000;1;9445523219;S
20240119;102701;1462.000000000;6;9445523220;S
20240119;102701;1462.000000000;10;9445523221;S
20240119;102701;1462.000000000;1;9445523222;S
20240119;102701;1462.000000000;1;9445523223;S
20240119;102701;1462.000000000;5;9445523224;S
20240119;102701;1462.000000000;1;9445523225;S
20240119;102701;1462.000000000;10;9445523226;S
20240119;102701;1462.000000000;5;9445523227;S
20240119;102701;1462.000000000;1;9445523228;S
20240119;102701;1462.000000000;1;9445523229;S
20240119;102701;1462.000000000;1;9445523230;S
20240119;102701;1461.800000000;1;9445523231;S
20240119;102701;1461.800000000;37;9445523232;S
20240119;102701;1462.400000000;30;9445523241;B
20240119;102701;1462.000000000;1;9445523246;S
20240119;102701;1461.800000000;2;9445523247;S
20240119;102701;1461.800000000;11;9445523249;S
20240119;102701;1461.800000000;5;9445523250;S
20240119;102701;1461.800000000;84;9445523251;S
20240119;102701;1462.000000000;5;9445523261;S
20240119;102701;1461.800000000;2;9445523262;S
20240119;102701;1461.600000000;5;9445523263;S
20240119;102701;1461.600000000;20;9445523264;S
20240119;102701;1461.600000000;2;9445523265;S
20240119;102701;1461.600000000;1;9445523266;S
20240119;102701;1461.600000000;1;9445523267;S
20240119;102701;1461.600000000;5;9445523268;S
20240119;102701;1461.600000000;2;9445523269;S
20240119;102701;1461.600000000;1;9445523270;S
20240119;102701;1461.600000000;29;9445523271;S
20240119;102701;1461.400000000;1;9445523272;S
20240119;102701;1461.400000000;1;9445523273;S
20240119;102701;1461.400000000;2;9445523274;S
20240119;102701;1461.400000000;1;9445523275;S
20240119;102701;1461.400000000;1;9445523276;S
20240119;102701;1461.400000000;20;9445523277;S
20240119;102701;1461.400000000;100;9445523278;S
20240119;102701;1461.400000000;54;9445523279;S
20240119;102701;1461.400000000;25;9445523280;S
20240119;102701;1461.200000000;1;9445523281;S
20240119;102701;1461.200000000;1;9445523282;S
20240119;102701;1461.200000000;5;9445523283;S
20240119;102701;1461.200000000;690;9445523284;S
20240119;102701;1461.200000000;25;9445523285;S
20240119;102701;1461.800000000;1;9445523292;S
20240119;102701;1461.800000000;16;9445523293;S
20240119;102701;1461.400000000;25;9445523294;S
20240119;102701;1461.200000000;115;9445523295;S
20240119;102701;1461.200000000;14;9445523296;S
20240119;102701;1461.200000000;5;9445523297;S
20240119;102701;1461.200000000;24;9445523298;S
20240119;102701;1462.000000000;2;9445523315;B
20240119;102701;1461.400000000;100;9445523316;S
20240119;102701;1461.200000000;124;9445523346;S
20240119;102701;1461.200000000;25;9445523347;S
20240119;102701;1461.200000000;11;9445523348;S
20240119;102701;1461.200000000;90;9445523349;S
20240119;102701;1461.600000000;1;9445523371;S
20240119;102701;1461.200000000;22;9445523372;S
20240119;102701;1461.000000000;1;9445523373;S
20240119;102701;1461.000000000;1;9445523374;S
20240119;102701;1461.000000000;2;9445523375;S
20240119;102701;1461.000000000;1;9445523376;S
20240119;102701;1461.000000000;5;9445523377;S
20240119;102701;1461.000000000;52;9445523378;S
20240119;102701;1461.000000000;1;9445523379;S
20240119;102701;1461.000000000;10;9445523380;S
20240119;102701;1461.000000000;1;9445523381;S
20240119;102701;1461.000000000;2;9445523382;S
20240119;102701;1461.000000000;1;9445523383;S
20240119;102702;1461.000000000;69;9445523392;S
20240119;102702;1461.000000000;35;9445523393;S
20240119;102702;1461.800000000;1;9445523403;B
20240119;102702;1461.200000000;1;9445523410;S
20240119;102702;1461.200000000;1;9445523411;S
20240119;102702;1461.200000000;10;9445523413;S
20240119;102702;1461.600000000;5;9445523418;S
20240119;102702;1461.800000000;1;9445523428;B
20240119;102702;1461.200000000;6;9445523445;S
20240119;102702;1461.400000000;1;9445523450;S
20240119;102702;1461.200000000;82;9445523451;S
20240119;102702;1461.200000000;3;9445523452;S
20240119;102702;1461.200000000;10;9445523453;S
20240119;102702;1461.000000000;4;9445523454;S
20240119;102702;1461.000000000;61;9445523456;S
20240119;102702;1461.000000000;60;9445523457;S
20240119;102702;1461.000000000;1;9445523458;S
20240119;102702;1461.000000000;3;9445523459;S
20240119;102702;1461.000000000;3;9445523460;S
20240119;102702;1461.000000000;1;9445523461;S
20240119;102702;1461.000000000;1;9445523462;S
20240119;102702;1461.000000000;5;9445523463;S
20240119;102702;1461.000000000;1;9445523464;S
20240119;102702;1461.000000000;3;9445523465;S
20240119;102702;1461.000000000;1;9445523466;S
20240119;102702;1461.000000000;1;9445523467;S
20240119;102702;1461.000000000;1;9445523468;S
20240119;102702;1461.000000000;1;9445523469;S
20240119;102702;1461.000000000;1;9445523470;S
20240119;102702;1461.000000000;3;9445523471;S
20240119;102702;1461.000000000;1;9445523472;S
20240119;102702;1461.000000000;11;9445523473;S
20240119;102702;1461.200000000;20;9445523476;S
20240119;102702;1461.200000000;10;9445523477;S
20240119;102702;1461.000000000;9;9445523478;S
20240119;102702;1461.000000000;1;9445523479;S
20240119;102702;1461.000000000;1;9445523480;S
20240119;102702;1461.000000000;1;9445523481;S
20240119;102702;1461.000000000;1;9445523482;S
20240119;102702;1461.000000000;7;9445523483;S
20240119;102702;1461.000000000;1;9445523484;S
20240119;102702;1461.000000000;1;9445523485;S
20240119;102702;1461.000000000;1;9445523486;S
20240119;102702;1461.000000000;1;9445523487;S
20240119;102702;1461.000000000;4;9445523488;S
20240119;102702;1461.000000000;1;9445523489;S
20240119;102702;1461.000000000;1;9445523490;S
20240119;102702;1461.000000000;2;9445523491;S
20240119;102702;1461.000000000;1;9445523492;S
20240119;102702;1461.000000000;3;9445523493;S
20240119;102702;1461.000000000;11;9445523494;S
20240119;102702;1461.000000000;1;9445523495;S
20240119;102702;1461.000000000;2;9445523496;S
20240119;102702;1461.000000000;10;9445523497;S
20240119;102702;1461.000000000;1;9445523498;S
20240119;102702;1461.000000000;1;9445523499;S
20240119;102702;1461.000000000;50;9445523500;S
20240119;102702;1461.000000000;2;9445523501;S
20240119;102702;1461.000000000;1;9445523502;S
20240119;102702;1460.800000000;20;9445523503;S
20240119;102702;1460.800000000;2;9445523504;S
20240119;102702;1460.800000000;5;9445523505;S
20240119;102702;1460.800000000;2;9445523506;S
20240119;102702;1460.800000000;1;9445523507;S
20240119;102702;1460.800000000;10;9445523508;S
20240119;102702;1460.800000000;20;9445523509;S
20240119;102702;1460.800000000;1;9445523510;S
20240119;102702;1460.800000000;28;9445523511;S
20240119;102702;1460.600000000;21;9445523512;S
20240119;102702;1460.600000000;10;9445523513;S
20240119;102702;1460.600000000;20;9445523514;S
20240119;102702;1460.600000000;10;9445523515;S
20240119;102702;1460.600000000;1;9445523516;S
20240119;102702;1460.600000000;2;9445523517;S
20240119;102702;1460.600000000;1;9445523518;S
20240119;102702;1460.600000000;1;9445523519;S
20240119;102702;1460.600000000;1;9445523520;S
20240119;102702;1460.600000000;20;9445523521;S
20240119;102702;1460.600000000;2;9445523522;S
20240119;102702;1460.600000000;5;9445523523;S
20240119;102702;1460.600000000;54;9445523524;S
20240119;102702;1460.600000000;80;9445523525;S
20240119;102702;1460.600000000;25;9445523526;S
20240119;102702;1460.400000000;10;9445523527;S
20240119;102702;1460.400000000;1;9445523528;S
20240119;102702;1460.400000000;1;9445523529;S
20240119;102702;1460.400000000;1;9445523530;S
20240119;102703;1461.200000000;1;9445523552;B
20240119;102703;1461.000000000;1;9445523557;S
20240119;102703;1461.000000000;2;9445523558;S
20240119;102703;1461.000000000;1;9445523559;S
20240119;102703;1461.000000000;2;9445523560;S
20240119;102703;1461.000000000;1;9445523561;S
20240119;102703;1460.800000000;1;9445523562;S
20240119;102703;1460.400000000;2;9445523563;S
20240119;102703;1460.400000000;2;9445523564;S
20240119;102703;1460.400000000;3;9445523565;S
20240119;102703;1460.400000000;2;9445523566;S
20240119;102703;1460.400000000;2;9445523567;S
20240119;102703;1460.400000000;2;9445523568;S
20240119;102703;1460.400000000;2;9445523569;S
20240119;102703;1460.400000000;10;9445523570;S
20240119;102703;1460.400000000;7;9445523571;S
20240119;102703;1460.400000000;1;9445523572;S
20240119;102703;1460.400000000;30;9445523573;S
20240119;102703;1460.400000000;3;9445523574;S
20240119;102703;1460.400000000;20;9445523575;S
20240119;102703;1460.400000000;1;9445523576;S
20240119;102703;1460.400000000;1;9445523577;S
20240119;102703;1460.400000000;3;9445523578;S
20240119;102703;1460.400000000;1;9445523579;S
20240119;102703;1461.000000000;50;9445523581;S
20240119;102703;1461.000000000;18;9445523582;S
20240119;102703;1461.000000000;12;9445523605;S
20240119;102703;1461.000000000;1;9445523606;S
20240119;102703;1461.000000000;1;9445523607;S
20240119;102703;1460.800000000;1;9445523608;S
20240119;102703;1460.800000000;2;9445523609;S
20240119;102703;1460.400000000;7;9445523610;S
20240119;102703;1460.400000000;1;9445523611;S
20240119;102703;1460.400000000;100;9445523612;S
20240119;102703;1460.400000000;2;9445523613;S
20240119;102703;1460.400000000;25;9445523614;S
20240119;102703;1460.400000000;3;9445523615;S
20240119;102703;1460.400000000;1;9445523616;S
20240119;102703;1460.400000000;7;9445523617;S
20240119;102703;1460.200000000;37;9445523618;S
20240119;102703;1461.000000000;1;9445523623;B
20240119;102703;1461.000000000;3;9445523624;B
20240119;102703;1460.400000000;1;9445523636;S
20240119;102703;1460.400000000;1;9445523637;S
20240119;102703;1460.400000000;5;9445523638;S
20240119;102703;1461.000000000;10;9445523650;B
20240119;102704;1460.400000000;1;9445523679;S
20240119;102704;1461.000000000;1;9445523683;B
20240119;102704;1461.000000000;10;9445523719;B
20240119;102704;1461.000000000;4;9445523720;B
20240119;102706;1460.600000000;1;9445523945;B
20240119;102707;1460.600000000;2;9445523970;B
20240119;102707;1460.400000000;1;9445524025;S
20240119;102708;1460.600000000;23;9445524093;B
20240119;102709;1460.600000000;25;9445524183;S
20240119;102710;1460.600000000;7;9445524221;B
20240119;102710;1460.400000000;2;9445524299;S
20240119;102714;1460.400000000;1;9445524575;S
20240119;102714;1460.400000000;3;9445524576;S
20240119;102714;1460.400000000;1;9445524577;S
20240119;102714;1460.400000000;1;9445524578;S
20240119;102714;1460.400000000;10;9445524579;S
20240119;102714;1460.400000000;10;9445524580;S
20240119;102714;1460.400000000;50;9445524581;S
20240119;102714;1460.400000000;27;9445524582;S
20240119;102714;1460.200000000;203;9445524583;S
20240119;102714;1460.200000000;1;9445524584;S
20240119;102714;1460.200000000;6;9445524585;S
20240119;102714;1460.200000000;1;9445524586;S
20240119;102714;1460.200000000;1;9445524587;S
20240119;102714;1460.200000000;1;9445524588;S
20240119;102714;1460.200000000;300;9445524589;S
20240119;102714;1460.200000000;2;9445524590;S
20240119;102714;1460.200000000;2;9445524591;S
20240119;102714;1460.200000000;1;9445524592;S
20240119;102714;1460.200000000;10;9445524593;S
20240119;102714;1460.200000000;10;9445524594;S
20240119;102714;1460.200000000;2;9445524595;S
20240119;102714;1460.200000000;1;9445524596;S
20240119;102714;1460.200000000;50;9445524597;S
20240119;102714;1460.200000000;50;9445524598;S
20240119;102714;1460.200000000;20;9445524599;S
20240119;102714;1460.200000000;5;9445524600;S
20240119;102714;1460.200000000;60;9445524601;S
20240119;102714;1460.200000000;5;9445524602;S
20240119;102714;1460.200000000;1;9445524603;S
20240119;102714;1460.200000000;96;9445524604;S
20240119;102714;1460.200000000;3;9445524605;S
20240119;102714;1460.200000000;66;9445524606;S
20240119;102714;1460.400000000;25;9445524643;S
20240119;102714;1460.200000000;1;9445524669;S
20240119;102714;1460.200000000;33;9445524671;S
20240119;102714;1460.200000000;10;9445524672;S
20240119;102714;1460.200000000;2;9445524673;S
20240119;102714;1460.200000000;2;9445524674;S
20240119;102714;1460.200000000;5;9445524675;S
20240119;102714;1460.200000000;1;9445524676;S
20240119;102714;1460.200000000;1;9445524677;S
20240119;102714;1460.000000000;1;9445524678;S
20240119;102714;1460.000000000;1;9445524679;S
20240119;102714;1460.000000000;30;9445524680;S
20240119;102714;1460.000000000;1;9445524681;S
20240119;102714;1460.000000000;1;9445524682;S
20240119;102714;1460.000000000;1;9445524683;S
20240119;102714;1460.000000000;2;9445524684;S
20240119;102714;1460.000000000;1;9445524685;S
20240119;102714;1460.000000000;1;9445524686;S
20240119;102714;1460.000000000;2;9445524687;S
20240119;102714;1460.000000000;4;9445524688;S
20240119;102714;1460.000000000;1;9445524689;S
20240119;102714;1460.000000000;4;9445524690;S
20240119;102714;1460.000000000;100;9445524691;S
20240119;102714;1460.000000000;1;9445524692;S
20240119;102714;1460.000000000;5;9445524693;S
20240119;102714;1460.000000000;1;9445524694;S
20240119;102714;1460.000000000;1;9445524695;S
20240119;102714;1460.000000000;1;9445524696;S
20240119;102714;1460.000000000;1;9445524697;S
20240119;102714;1460.000000000;50;9445524698;S
20240119;102714;1460.000000000;1;9445524699;S
20240119;102714;1460.000000000;1;9445524700;S
20240119;102714;1460.000000000;1;9445524701;S
20240119;102714;1460.000000000;1;9445524702;S
20240119;102714;1460.000000000;1;9445524703;S
20240119;102714;1460.000000000;1;9445524704;S
20240119;102714;1460.000000000;2;9445524705;S
20240119;102714;1460.000000000;2;9445524706;S
20240119;102714;1460.000000000;1;9445524707;S
20240119;102714;1460.000000000;1;9445524708;S
20240119;102714;1460.000000000;1;9445524709;S
20240119;102714;1460.000000000;5;9445524710;S
20240119;102714;1460.000000000;2;9445524711;S
20240119;102714;1460.000000000;2;9445524712;S
20240119;102714;1460.000000000;5;9445524713;S
20240119;102714;1460.000000000;1;9445524714;S
20240119;102714;1460.000000000;1;9445524715;S
20240119;102714;1460.000000000;1;9445524716;S
20240119;102714;1460.000000000;30;9445524717;S
20240119;102714;1460.000000000;5;9445524718;S
20240119;102714;1460.000000000;5;9445524719;S
20240119;102714;1460.000000000;1;9445524720;S
20240119;102714;1460.000000000;10;9445524721;S
20240119;102714;1460.000000000;5;9445524722;S
20240119;102714;1460.000000000;1;9445524723;S
20240119;102714;1460.000000000;1;9445524724;S
20240119;102714;1460.000000000;1;9445524725;S
20240119;102714;1460.000000000;1;9445524726;S
20240119;102714;1460.000000000;1;9445524727;S
20240119;102714;1460.000000000;10;9445524728;S
20240119;102714;1460.000000000;1;9445524729;S
20240119;102714;1460.000000000;3;9445524730;S
20240119;102714;1460.000000000;10;9445524731;S
20240119;102714;1460.000000000;25;9445524732;S
20240119;102714;1460.000000000;1;9445524733;S
20240119;102714;1460.000000000;8;9445524734;S
20240119;102714;1460.000000000;1;9445524735;S
20240119;102714;1460.000000000;30;9445524736;S
20240119;102714;1460.000000000;2;9445524737;S
20240119;102714;1460.000000000;3;9445524738;S
20240119;102714;1460.000000000;5;9445524739;S
20240119;102714;1460.000000000;1;9445524740;S
20240119;102714;1460.000000000;5;9445524741;S
20240119;102714;1460.000000000;3;9445524742;S
20240119;102714;1460.000000000;1;9445524743;S
20240119;102714;1460.000000000;1;9445524744;S
20240119;102714;1460.000000000;1;9445524745;S
20240119;102714;1460.000000000;1;9445524746;S
20240119;102714;1460.000000000;3;9445524747;S
20240119;102714;1460.000000000;1;9445524748;S
20240119;102714;1460.000000000;4;9445524749;S
20240119;102714;1460.000000000;5;9445524750;S
20240119;102714;1460.000000000;1;9445524751;S
20240119;102714;1460.000000000;10;9445524752;S
20240119;102714;1460.000000000;8;9445524753;S
20240119;102714;1460.000000000;7;9445524754;S
20240119;102714;1460.000000000;5;9445524755;S
20240119;102714;1460.000000000;1;9445524756;S
20240119;102714;1460.000000000;1;9445524757;S
20240119;102714;1460.000000000;5;9445524758;S
20240119;102714;1460.000000000;1;9445524759;S
20240119;102714;1460.000000000;2;9445524760;S
20240119;102714;1460.000000000;47;9445524761;S
20240119;102714;1460.000000000;2;9445524762;S
20240119;102714;1460.000000000;1;9445524763;S
20240119;102714;1460.000000000;1;9445524764;S
20240119;102714;1460.000000000;12;9445524765;S
20240119;102714;1460.000000000;20;9445524766;S
20240119;102714;1460.000000000;1;9445524767;S
20240119;102714;1460.000000000;1;9445524768;S
20240119;102714;1460.000000000;2;9445524769;S
20240119;102714;1460.000000000;3;9445524770;S
20240119;102714;1460.000000000;50;9445524771;S
20240119;102714;1460.000000000;1;9445524772;S
20240119;102714;1460.000000000;2;9445524773;S
20240119;102714;1460.000000000;5;9445524774;S
20240119;102714;1460.000000000;10;9445524775;S
20240119;102714;1460.000000000;5;9445524776;S
20240119;102714;1460.000000000;5;9445524777;S
20240119;102714;1460.000000000;7;9445524778;S
20240119;102714;1460.000000000;2;9445524779;S
20240119;102714;1460.000000000;1;9445524780;S
20240119;102714;1460.000000000;1;9445524781;S
20240119;102714;1460.000000000;102;9445524782;S
20240119;102714;1460.000000000;2;9445524783;S
20240119;102714;1460.000000000;3;9445524784;S
20240119;102714;1460.000000000;10;9445524785;S
20240119;102714;1460.000000000;40;9445524786;S
20240119;102714;1460.000000000;11;9445524787;S
20240119;102714;1460.000000000;3;9445524788;S
20240119;102714;1460.000000000;1;9445524789;S
20240119;102714;1460.000000000;25;9445524790;S
20240119;102714;1460.000000000;1;9445524791;S
20240119;102714;1460.000000000;20;9445524792;S
20240119;102714;1460.000000000;1;9445524793;S
20240119;102714;1460.000000000;1;9445524794;S
20240119;102714;1460.000000000;6;9445524795;S
20240119;102714;1460.000000000;4;9445524796;S
20240119;102714;1460.000000000;2;9445524797;S
20240119;102714;1460.000000000;1;9445524798;S
20240119;102714;1460.000000000;50;9445524799;S
20240119;102714;1460.000000000;5;9445524800;S
20240119;102714;1460.000000000;1;9445524801;S
20240119;102714;1460.000000000;2;9445524802;S
20240119;102714;1460.000000000;1;9445524803;S
20240119;102714;1460.000000000;8;9445524804;S
20240119;102714;1460.000000000;2;9445524805;S
20240119;102714;1460.000000000;1;9445524806;S
20240119;102714;1460.000000000;3;9445524807;S
20240119;102714;1460.000000000;70;9445524808;S
20240119;102714;1460.000000000;20;9445524809;S
20240119;102714;1460.000000000;2;9445524810;S
20240119;102714;1460.000000000;1;9445524811;S
20240119;102714;1460.000000000;1;9445524812;S
20240119;102714;1460.000000000;1;9445524813;S
20240119;102714;1460.000000000;1;9445524814;S
20240119;102714;1460.000000000;1;9445524815;S
20240119;102714;1460.000000000;1;9445524816;S
20240119;102714;1460.000000000;1;9445524817;S
20240119;102714;1460.000000000;1;9445524818;S
20240119;102714;1460.000000000;10;9445524819;S
20240119;102714;1460.000000000;1;9445524820;S
20240119;102714;1460.000000000;5;9445524821;S
20240119;102714;1460.000000000;1;9445524822;S
20240119;102714;1460.000000000;1;9445524823;S
20240119;102714;1460.000000000;1;9445524824;S
20240119;102714;1460.000000000;10;9445524825;S
20240119;102714;1460.000000000;5;9445524826;S
20240119;102714;1460.000000000;1;9445524827;S
20240119;102714;1460.000000000;1;9445524828;S
20240119;102714;1460.000000000;358;9445524829;S
20240119;102714;1460.000000000;50;9445524836;S
20240119;102715;1460.000000000;2;9445524839;S
20240119;102715;1460.000000000;40;9445524840;S
20240119;102715;1460.000000000;1;9445524841;S
20240119;102715;1460.000000000;19;9445524842;S
20240119;102715;1460.000000000;1;9445524843;S
20240119;102715;1460.000000000;1;9445524844;S
20240119;102715;1460.000000000;2;9445524845;S
20240119;102715;1460.000000000;1;9445524846;S
20240119;102715;1460.000000000;4;9445524847;S
20240119;102715;1460.000000000;1;9445524848;S
20240119;102715;1460.000000000;1;9445524849;S
20240119;102715;1460.000000000;5;9445524850;S
20240119;102715;1460.000000000;2;9445524851;S
20240119;102715;1460.000000000;1;9445524852;S
20240119;102715;1460.000000000;1;9445524853;S
20240119;102715;1460.000000000;5;9445524854;S
20240119;102715;1460.000000000;3;9445524855;S
20240119;102715;1460.000000000;5;9445524856;S
20240119;102715;1460.000000000;1;9445524857;S
20240119;102715;1460.000000000;1;9445524858;S
20240119;102715;1460.000000000;1;9445524859;S
20240119;102715;1460.000000000;1;9445524860;S
20240119;102715;1460.000000000;1;9445524861;S
20240119;102715;1460.000000000;10;9445524897;S
20240119;102715;1460.000000000;3;9445524898;S
20240119;102715;1460.000000000;2;9445524899;S
20240119;102715;1460.000000000;1;9445524900;S
20240119;102715;1460.000000000;15;9445524901;S
20240119;102715;1460.000000000;10;9445524902;S
20240119;102715;1460.000000000;6;9445524903;S
20240119;102715;1460.000000000;1;9445524904;S
20240119;102715;1460.000000000;1;9445524905;S
20240119;102715;1460.000000000;1;9445524906;S
20240119;102715;1460.000000000;1;9445524907;S
20240119;102715;1460.000000000;1;9445524908;S
20240119;102715;1460.000000000;2;9445524909;S
20240119;102715;1460.000000000;2;9445524910;S
20240119;102715;1460.000000000;30;9445524911;S
20240119;102715;1460.000000000;20;9445524912;S
20240119;102715;1460.000000000;3;9445524913;S
20240119;102715;1460.000000000;1;9445524914;S
20240119;102715;1460.000000000;5;9445524915;S
20240119;102715;1460.000000000;2;9445524916;S
20240119;102715;1460.000000000;1;9445524917;S
20240119;102715;1460.000000000;1;9445524918;S
20240119;102715;1460.000000000;2;9445524919;S
20240119;102715;1460.000000000;54;9445524920;S
20240119;102715;1460.000000000;4;9445524921;S
20240119;102715;1460.000000000;121;9445524922;S
20240119;102715;1460.000000000;1;9445524923;S
20240119;102715;1460.000000000;150;9445524939;S
20240119;102715;1460.000000000;2;9445524940;S
20240119;102715;1460.000000000;100;9445524945;S
20240119;102715;1460.000000000;71;9445524946;S
20240119;102715;1460.400000000;1;9445524948;B
20240119;102715;1460.000000000;10;9445524950;S
20240119;102715;1460.000000000;10;9445524951;S
20240119;102715;1460.000000000;1;9445524953;S
20240119;102715;1460.000000000;1;9445524954;S
20240119;102715;1460.200000000;1;9445524956;S
20240119;102715;1460.200000000;1;9445524957;S
20240119;102715;1460.200000000;4;9445524958;S
20240119;102715;1460.000000000;33;9445524959;S
20240119;102715;1460.000000000;3;9445524960;S
20240119;102715;1460.000000000;4;9445524961;S
20240119;102715;1460.000000000;1;9445524962;S
20240119;102715;1460.000000000;4;9445524963;S
20240119;102715;1460.000000000;5;9445524964;S
20240119;102715;1460.000000000;1;9445524965;S
20240119;102715;1460.000000000;1;9445524966;S
20240119;102715;1460.000000000;2;9445524967;S
20240119;102715;1460.000000000;1;9445524968;S
20240119;102715;1460.000000000;1;9445524969;S
20240119;102715;1460.000000000;1;9445524970;S
20240119;102715;1460.000000000;1;9445524971;S
20240119;102715;1460.000000000;5;9445524972;S
20240119;102715;1460.000000000;1;9445524973;S
20240119;102715;1459.800000000;92;9445524974;S
20240119;102715;1460.000000000;4;9445524976;S
20240119;102715;1460.000000000;2;9445524977;S
20240119;102715;1459.800000000;34;9445524978;S
20240119;102715;1460.000000000;1;9445524979;S
20240119;102715;1460.000000000;3;9445524980;S
20240119;102715;1460.000000000;1;9445524981;S
20240119;102715;1459.800000000;145;9445524982;S
20240119;102715;1460.400000000;1;9445524983;B
20240119;102715;1460.000000000;1;9445524984;S
20240119;102715;1459.800000000;11;9445524985;S
20240119;102715;1460.400000000;1;9445524986;B
20240119;102715;1460.400000000;1;9445524991;B
20240119;102715;1460.000000000;2;9445524992;S
20240119;102715;1460.000000000;1;9445524993;S
20240119;102715;1460.000000000;25;9445524994;S
20240119;102715;1459.800000000;112;9445524995;S
20240119;102715;1460.000000000;25;9445524996;S
20240119;102715;1459.800000000;5;9445524997;S
20240119;102715;1460.000000000;25;9445524998;S
20240119;102715;1459.800000000;75;9445524999;S
20240119;102715;1460.000000000;2;9445525009;S
20240119;102715;1460.000000000;1;9445525010;S
20240119;102715;1460.000000000;1;9445525011;S
20240119;102715;1460.000000000;5;9445525012;S
20240119;102715;1459.800000000;191;9445525013;S
20240119;102715;1460.000000000;1;9445525021;S
20240119;102715;1460.000000000;2;9445525022;S
20240119;102715;1460.000000000;13;9445525023;S
20240119;102715;1460.000000000;49;9445525025;S
20240119;102715;1460.000000000;38;9445525028;S
20240119;102715;1460.000000000;1;9445525029;S
20240119;102715;1460.000000000;1;9445525030;S
20240119;102715;1460.000000000;1;9445525031;S
20240119;102715;1460.000000000;1;9445525032;S
20240119;102715;1460.000000000;10;9445525033;S
20240119;102715;1460.000000000;1;9445525034;S
20240119;102715;1460.000000000;1;9445525035;S
20240119;102715;1460.000000000;1;9445525036;S
20240119;102715;1460.000000000;1;9445525037;S
20240119;102715;1460.000000000;2;9445525038;S
20240119;102715;1460.000000000;7;9445525039;S
20240119;102715;1460.000000000;2;9445525040;S
20240119;102715;1460.000000000;1;9445525041;S
20240119;102715;1460.000000000;1;9445525042;S
20240119;102715;1460.000000000;15;9445525043;S
20240119;102715;1459.800000000;16;9445525044;S
20240119;102715;1460.000000000;1;9445525049;S
20240119;102715;1460.000000000;1;9445525050;S
20240119;102715;1460.000000000;3;9445525051;S
20240119;102715;1459.800000000;5;9445525052;S
20240119;102715;1460.000000000;1;9445525056;S
20240119;102715;1459.800000000;1;9445525057;S
20240119;102715;1460.000000000;2;9445525058;B
20240119;102715;1460.000000000;1;9445525060;B
20240119;102715;1460.000000000;1;9445525062;B
20240119;102716;1460.000000000;1;9445525072;B
20240119;102716;1459.800000000;1;9445525073;S
20240119;102716;1460.000000000;1;9445525074;B
20240119;102716;1460.000000000;1;9445525076;B
20240119;102716;1460.000000000;1;9445525078;B
20240119;102716;1459.800000000;3;9445525082;S
20240119;102716;1460.000000000;1;9445525083;B
20240119;102716;1460.000000000;20;9445525084;B
20240119;102716;1460.000000000;2;9445525085;B
20240119;102716;1460.000000000;1;9445525091;B
20240119;102716;1460.000000000;4;9445525092;B
20240119;102716;1459.800000000;120;9445525093;S
20240119;102716;1460.000000000;1;9445525095;B
20240119;102716;1460.000000000;1;9445525100;B
20240119;102716;1459.800000000;1;9445525102;S
20240119;102716;1460.000000000;1;9445525107;B
20240119;102716;1459.800000000;15;9445525108;S
20240119;102716;1459.800000000;1;9445525109;S
20240119;102716;1459.800000000;1;9445525110;S
20240119;102716;1459.800000000;5;9445525111;S
20240119;102716;1460.000000000;1;9445525113;B
20240119;102716;1460.000000000;1;9445525114;B
20240119;102716;1460.000000000;10;9445525115;B
20240119;102716;1460.000000000;2;9445525123;B
20240119;102716;1460.000000000;2;9445525124;B
20240119;102716;1460.000000000;1;9445525126;B
20240119;102716;1460.000000000;1;9445525129;B
20240119;102716;1459.800000000;33;9445525130;S
20240119;102716;1460.000000000;1;9445525132;B
20240119;102716;1459.800000000;12;9445525134;S
20240119;102716;1460.000000000;10;9445525140;B
20240119;102716;1460.000000000;1;9445525147;B
20240119;102716;1459.800000000;15;9445525149;S
20240119;102716;1460.000000000;5;9445525150;B
20240119;102716;1460.000000000;4;9445525169;B
20240119;102716;1459.800000000;43;9445525170;S
20240119;102716;1460.000000000;1;9445525183;B
20240119;102717;1460.000000000;20;9445525243;B
20240119;102717;1460.000000000;8;9445525244;B
20240119;102717;1460.000000000;11;9445525245;B
20240119;102717;1460.000000000;26;9445525246;B
20240119;102717;1460.000000000;1;9445525340;B
20240119;102719;1459.800000000;4;9445525494;S
20240119;102720;1459.800000000;35;9445525603;S
20240119;102720;1459.800000000;40;9445525637;S
20240119;102721;1459.800000000;1;9445525854;S
20240119;102721;1459.800000000;4;9445525982;S
20240119;102723;1459.800000000;100;9445526425;S
20240119;102724;1460.000000000;1;9445526470;B
20240119;102725;1459.800000000;20;9445526660;S
20240119;102726;1460.000000000;1;9445526728;B
20240119;102726;1460.000000000;35;9445526772;B
20240119;102727;1459.800000000;3;9445526897;S
20240119;102727;1460.000000000;1;9445526903;B
20240119;102727;1460.000000000;1;9445526912;B
20240119;102727;1460.000000000;3;9445526924;B
20240119;102728;1460.000000000;1;9445526973;B
20240119;102729;1460.000000000;23;9445527113;B
20240119;102729;1460.000000000;1;9445527136;B
20240119;102730;1460.000000000;65;9445527234;B
20240119;102730;1459.800000000;1;9445527287;S
20240119;102731;1460.000000000;1;9445527372;B
20240119;102731;1459.800000000;9;9445527406;S
20240119;102731;1460.000000000;2;9445527410;B
20240119;102731;1459.800000000;116;9445527416;S
20240119;102731;1459.800000000;1;9445527417;S
20240119;102731;1459.800000000;2;9445527418;S
20240119;102731;1459.800000000;3;9445527419;S
20240119;102731;1459.800000000;10;9445527420;S
20240119;102731;1459.800000000;20;9445527421;S
20240119;102731;1459.800000000;1;9445527422;S
20240119;102731;1459.800000000;1;9445527423;S
20240119;102731;1459.800000000;1;9445527424;S
20240119;102731;1459.800000000;2;9445527425;S
20240119;102731;1459.800000000;1;9445527426;S
20240119;102731;1459.800000000;1;9445527427;S
20240119;102731;1459.800000000;8;9445527428;S
20240119;102731;1459.800000000;1;9445527429;S
20240119;102731;1459.800000000;50;9445527430;S
20240119;102731;1459.600000000;5;9445527431;S
20240119;102731;1459.600000000;3;9445527432;S
20240119;102731;1459.600000000;1;9445527433;S
20240119;102731;1459.600000000;3;9445527434;S
20240119;102731;1459.600000000;20;9445527435;S
20240119;102731;1459.600000000;10;9445527436;S
20240119;102731;1459.600000000;5;9445527437;S
20240119;102731;1459.600000000;4;9445527438;S
20240119;102731;1459.600000000;2;9445527439;S
20240119;102731;1459.600000000;28;9445527440;S
20240119;102731;1459.600000000;76;9445527441;S
20240119;102731;1459.400000000;1;9445527442;S
20240119;102731;1459.400000000;2;9445527443;S
20240119;102731;1459.400000000;5;9445527444;S
20240119;102731;1459.400000000;1;9445527445;S
20240119;102731;1459.400000000;20;9445527446;S
20240119;102731;1459.400000000;3;9445527447;S
20240119;102731;1459.400000000;5;9445527448;S
20240119;102731;1459.400000000;54;9445527449;S
20240119;102731;1459.400000000;5;9445527450;S
20240119;102731;1459.400000000;40;9445527451;S
20240119;102731;1459.400000000;3;9445527452;S
20240119;102731;1459.200000000;1;9445527453;S
20240119;102731;1459.200000000;10;9445527454;S
20240119;102731;1459.200000000;1;9445527455;S
20240119;102731;1459.200000000;20;9445527456;S
20240119;102731;1459.200000000;60;9445527457;S
20240119;102731;1459.200000000;193;9445527458;S
20240119;102731;1459.800000000;2;9445527469;B
20240119;102731;1459.800000000;11;9445527484;B
20240119;102732;1459.600000000;1;9445527502;B
20240119;102732;1459.200000000;50;9445527503;S
20240119;102732;1459.400000000;1;9445527557;S
20240119;102732;1459.400000000;1;9445527558;S
20240119;102732;1459.200000000;1;9445527559;S
20240119;102732;1459.200000000;68;9445527561;S
20240119;102732;1459.200000000;25;9445527562;S
20240119;102732;1459.200000000;1;9445527563;S
20240119;102732;1459.200000000;10;9445527564;S
20240119;102732;1459.600000000;1;9445527587;B
20240119;102732;1459.600000000;3;9445527593;B
20240119;102732;1459.600000000;1;9445527594;B
20240119;102732;1459.400000000;1;9445527623;S
20240119;102732;1459.200000000;36;9445527624;S
20240119;102732;1459.200000000;2;9445527631;S
20240119;102732;1459.200000000;1;9445527632;S
20240119;102732;1459.000000000;1;9445527633;S
20240119;102732;1459.000000000;1;9445527634;S
20240119;102732;1459.000000000;2;9445527635;S
20240119;102732;1459.000000000;2;9445527636;S
20240119;102732;1459.000000000;1;9445527637;S
20240119;102732;1459.000000000;1;9445527638;S
20240119;102732;1459.000000000;1;9445527639;S
20240119;102732;1459.000000000;2;9445527640;S
20240119;102732;1459.000000000;2;9445527641;S
20240119;102732;1459.000000000;2;9445527642;S
20240119;102732;1459.000000000;1;9445527643;S
20240119;102732;1459.000000000;50;9445527644;S
20240119;102732;1459.000000000;10;9445527645;S
20240119;102732;1459.000000000;1;9445527646;S
20240119;102732;1459.000000000;1;9445527647;S
20240119;102732;1459.000000000;1;9445527648;S
20240119;102732;1459.000000000;18;9445527649;S
20240119;102732;1459.000000000;2;9445527650;S
20240119;102732;1459.000000000;10;9445527651;S
20240119;102732;1459.000000000;1;9445527652;S
20240119;102732;1459.000000000;1;9445527653;S
20240119;102732;1459.000000000;2;9445527654;S
20240119;102732;1459.000000000;1;9445527655;S
20240119;102732;1459.000000000;1;9445527656;S
20240119;102732;1459.000000000;1;9445527657;S
20240119;102732;1459.000000000;1;9445527658;S
20240119;102732;1459.000000000;10;9445527659;S
20240119;102732;1459.000000000;50;9445527660;S
20240119;102732;1459.600000000;6;9445527670;B
20240119;102732;1459.400000000;1;9445527679;S
20240119;102732;1458.800000000;1;9445527680;S
20240119;102732;1458.800000000;10;9445527681;S
20240119;102732;1458.800000000;16;9445527682;S
20240119;102732;1458.800000000;10;9445527683;S
20240119;102732;1458.800000000;10;9445527730;S
20240119;102732;1458.800000000;1;9445527731;S
20240119;102732;1458.800000000;100;9445527732;S
20240119;102732;1458.800000000;54;9445527733;S
20240119;102732;1458.800000000;25;9445527734;S
20240119;102732;1458.800000000;50;9445527735;S
20240119;102732;1458.600000000;1;9445527736;S
20240119;102732;1458.600000000;1;9445527737;S
20240119;102732;1458.600000000;10;9445527738;S
20240119;102732;1458.600000000;41;9445527739;S
20240119;102732;1458.600000000;20;9445527740;S
20240119;102732;1458.600000000;54;9445527741;S
20240119;102732;1458.600000000;30;9445527742;S
20240119;102732;1458.600000000;75;9445527743;S
20240119;102732;1458.600000000;2;9445527744;S
20240119;102732;1458.400000000;50;9445527745;S
20240119;102732;1458.400000000;2;9445527746;S
20240119;102732;1458.400000000;100;9445527747;S
20240119;102732;1458.400000000;20;9445527748;S
20240119;102732;1458.400000000;354;9445527749;S
20240119;102732;1458.400000000;10;9445527754;S
20240119;102732;1458.400000000;10;9445527763;S
20240119;102732;1458.400000000;52;9445527776;S
20240119;102732;1458.400000000;20;9445527778;S
20240119;102732;1459.200000000;1;9445527829;B
20240119;102732;1458.400000000;20;9445527830;S
20240119;102732;1458.400000000;10;9445527833;S
20240119;102732;1458.600000000;1;9445527851;B
20240119;102732;1458.400000000;124;9445527853;S
20240119;102732;1458.400000000;8;9445527854;S
20240119;102732;1458.400000000;25;9445527855;S
20240119;102732;1458.400000000;100;9445527856;S
20240119;102732;1458.200000000;5;9445527857;S
20240119;102732;1458.200000000;51;9445527858;S
20240119;102732;1458.200000000;1;9445527859;S
20240119;102732;1458.200000000;2;9445527860;S
20240119;102732;1458.200000000;5;9445527861;S
20240119;102732;1458.200000000;1;9445527862;S
20240119;102732;1458.200000000;78;9445527863;S
20240119;102732;1458.400000000;10;9445527865;S
20240119;102732;1458.400000000;21;9445527866;S
20240119;102733;1458.400000000;3;9445527869;S
20240119;102733;1458.400000000;5;9445527871;S
20240119;102733;1458.600000000;1;9445527873;B
20240119;102733;1458.600000000;20;9445527877;B
20240119;102733;1458.600000000;4;9445527878;B
20240119;102733;1458.400000000;1;9445527894;S
20240119;102733;1458.600000000;1;9445527904;B
20240119;102733;1458.600000000;1;9445527924;B
20240119;102733;1458.400000000;60;9445527926;S
20240119;102733;1458.400000000;1;9445527927;S
20240119;102733;1458.200000000;80;9445527928;S
20240119;102733;1458.200000000;20;9445527929;S
20240119;102733;1458.200000000;25;9445527930;S
20240119;102733;1458.200000000;14;9445527931;S
20240119;102733;1458.000000000;1;9445527932;S
20240119;102733;1458.000000000;5;9445527933;S
20240119;102733;1458.000000000;5;9445527934;S
20240119;102733;1458.000000000;1;9445527935;S
20240119;102733;1458.000000000;1;9445527936;S
20240119;102733;1458.000000000;5;9445527937;S
20240119;102733;1458.000000000;50;9445527938;S
20240119;102733;1458.000000000;10;9445527939;S
20240119;102733;1458.000000000;1;9445527940;S
20240119;102733;1458.000000000;1;9445527941;S
20240119;102733;1458.000000000;10;9445527942;S
20240119;102733;1458.200000000;7;9445527944;S
20240119;102733;1458.200000000;18;9445527950;S
20240119;102733;1458.200000000;22;9445527951;S
20240119;102733;1458.600000000;1;9445527978;B
20240119;102733;1458.200000000;65;9445527979;S
20240119;102733;1458.600000000;1;9445527980;B
20240119;102733;1458.200000000;1;9445527990;S
20240119;102733;1458.200000000;13;9445527991;S
20240119;102733;1458.000000000;4;9445527992;S
20240119;102733;1458.000000000;10;9445527993;S
20240119;102733;1458.000000000;1;9445527994;S
20240119;102733;1458.000000000;3;9445527995;S
20240119;102733;1458.000000000;5;9445527996;S
20240119;102733;1458.000000000;2;9445527997;S
20240119;102733;1458.000000000;1;9445527998;S
20240119;102733;1458.000000000;1;9445527999;S
20240119;102733;1458.000000000;3;9445528000;S
20240119;102733;1458.000000000;20;9445528001;S
20240119;102733;1458.000000000;2;9445528002;S
20240119;102733;1458.000000000;70;9445528003;S
20240119;102733;1458.000000000;2;9445528004;S
20240119;102733;1458.000000000;62;9445528005;S
20240119;102733;1458.000000000;8;9445528006;S
20240119;102733;1458.000000000;5;9445528007;S
20240119;102733;1458.000000000;1;9445528009;S
20240119;102733;1458.000000000;14;9445528010;S
20240119;102733;1458.000000000;14;9445528011;S
20240119;102733;1458.000000000;2;9445528012;S
20240119;102733;1458.000000000;1;9445528013;S
20240119;102733;1458.000000000;2;9445528014;S
20240119;102733;1458.400000000;2;9445528015;B
20240119;102733;1458.000000000;2;9445528016;S
20240119;102733;1458.000000000;9;9445528017;S
20240119;102733;1458.000000000;1;9445528018;S
20240119;102733;1458.000000000;1;9445528019;S
20240119;102733;1458.000000000;1;9445528020;S
20240119;102733;1458.000000000;20;9445528021;S
20240119;102733;1458.000000000;5;9445528022;S
20240119;102733;1458.000000000;19;9445528023;S
20240119;102733;1458.000000000;3;9445528024;S
20240119;102733;1458.000000000;54;9445528025;S
20240119;102733;1458.000000000;25;9445528026;S
20240119;102733;1458.000000000;100;9445528027;S
20240119;102733;1457.800000000;1;9445528028;S
20240119;102733;1457.800000000;1;9445528029;S
20240119;102733;1457.800000000;1;9445528030;S
20240119;102733;1457.800000000;20;9445528031;S
20240119;102733;1457.800000000;1;9445528032;S
20240119;102733;1457.800000000;1;9445528033;S
20240119;102733;1457.800000000;65;9445528034;S
20240119;102733;1457.800000000;54;9445528035;S
20240119;102733;1457.800000000;38;9445528036;S
20240119;102733;1458.400000000;2;9445528037;B
20240119;102733;1457.800000000;62;9445528040;S
20240119;102733;1457.800000000;25;9445528041;S
20240119;102733;1457.800000000;100;9445528042;S
20240119;102733;1457.600000000;1;9445528043;S
20240119;102733;1457.600000000;1;9445528044;S
20240119;102733;1457.600000000;1;9445528045;S
20240119;102733;1457.600000000;2;9445528046;S
20240119;102733;1457.600000000;1;9445528047;S
20240119;102733;1457.600000000;1;9445528048;S
20240119;102733;1457.600000000;20;9445528049;S
20240119;102733;1457.600000000;1;9445528050;S
20240119;102733;1457.600000000;100;9445528051;S
20240119;102733;1457.600000000;54;9445528052;S
20240119;102733;1457.600000000;100;9445528053;S
20240119;102733;1457.400000000;5;9445528054;S
20240119;102733;1457.400000000;100;9445528055;S
20240119;102733;1457.400000000;20;9445528056;S
20240119;102733;1457.400000000;54;9445528057;S
20240119;102733;1457.200000000;1;9445528058;S
20240119;102733;1457.200000000;2;9445528059;S
20240119;102733;1457.200000000;1;9445528060;S
20240119;102733;1457.200000000;1;9445528061;S
20240119;102733;1457.200000000;1;9445528062;S
20240119;102733;1457.200000000;20;9445528063;S
20240119;102733;1457.200000000;1;9445528064;S
20240119;102733;1457.200000000;137;9445528065;S
20240119;102733;1457.200000000;188;9445528066;S
20240119;102733;1458.200000000;1;9445528069;B
20240119;102733;1457.600000000;25;9445528070;S
20240119;102733;1457.200000000;17;9445528071;S
20240119;102733;1457.400000000;25;9445528073;S
20240119;102733;1457.200000000;25;9445528074;S
20240119;102733;1457.200000000;60;9445528075;S
20240119;102733;1458.000000000;2;9445528076;S
20240119;102733;1457.200000000;2;9445528077;S
20240119;102733;1457.000000000;1;9445528093;S
20240119;102733;1457.000000000;1;9445528094;S
20240119;102733;1457.000000000;10;9445528095;S
20240119;102733;1457.000000000;1;9445528096;S
20240119;102733;1457.000000000;2;9445528097;S
20240119;102733;1457.000000000;1;9445528098;S
20240119;102733;1457.000000000;1;9445528099;S
20240119;102733;1457.000000000;17;9445528100;S
20240119;102733;1457.000000000;1;9445528101;S
20240119;102733;1457.000000000;1;9445528102;S
20240119;102733;1457.000000000;20;9445528103;S
20240119;102733;1457.000000000;1;9445528104;S
20240119;102733;1457.000000000;1;9445528105;S
20240119;102733;1457.000000000;1;9445528106;S
20240119;102733;1457.000000000;1;9445528107;S
20240119;102733;1457.000000000;10;9445528108;S
20240119;102733;1457.000000000;20;9445528109;S
20240119;102733;1457.000000000;160;9445528110;S
20240119;102733;1457.000000000;20;9445528113;S
20240119;102733;1457.000000000;4;9445528115;S
20240119;102733;1457.000000000;55;9445528116;S
20240119;102733;1457.400000000;1;9445528148;B
20240119;102733;1457.000000000;150;9445528155;S
20240119;102733;1457.000000000;22;9445528156;S
20240119;102733;1457.400000000;3;9445528159;B
20240119;102733;1457.000000000;329;9445528164;S
20240119;102733;1457.400000000;9;9445528170;B
20240119;102733;1457.000000000;10;9445528171;S
20240119;102733;1457.400000000;1;9445528172;B
20240119;102733;1457.400000000;1;9445528174;B
20240119;102733;1457.000000000;65;9445528202;S
20240119;102734;1457.400000000;1;9445528265;B
20240119;102734;1457.400000000;32;9445528274;B
20240119;102734;1457.600000000;25;9445528281;B
20240119;102734;1457.600000000;2;9445528286;B
20240119;102734;1457.600000000;100;9445528288;B
20240119;102734;1457.200000000;2;9445528316;S
20240119;102734;1457.200000000;3;9445528317;S
20240119;102734;1457.200000000;6;9445528331;S
20240119;102734;1457.400000000;1;9445528334;B
20240119;102734;1457.400000000;5;9445528362;B
20240119;102734;1457.400000000;4;9445528363;B
20240119;102734;1457.600000000;1;9445528364;B
20240119;102734;1457.200000000;3;9445528366;S
20240119;102734;1457.600000000;1;9445528372;B
20240119;102734;1457.600000000;1;9445528373;B
20240119;102734;1457.200000000;100;9445528374;S
20240119;102734;1457.200000000;1;9445528375;S
20240119;102734;1457.200000000;40;9445528376;S
20240119;102734;1457.200000000;5;9445528377;S
20240119;102734;1457.200000000;95;9445528378;S
20240119;102734;1457.400000000;5;9445528392;B
20240119;102734;1457.400000000;1;9445528416;B
20240119;102734;1457.200000000;100;9445528439;S
20240119;102734;1457.400000000;2;9445528441;B
20240119;102734;1457.400000000;1;9445528446;B
20240119;102735;1457.600000000;100;9445528550;B
20240119;102735;1457.400000000;29;9445528563;S
20240119;102735;1457.600000000;100;9445528608;B
20240119;102735;1457.600000000;100;9445528638;B
20240119;102736;1457.600000000;1;9445528655;B
20240119;102736;1457.600000000;67;9445528658;B
20240119;102736;1457.600000000;8;9445528659;B
20240119;102736;1457.800000000;25;9445528660;B
20240119;102736;1457.800000000;54;9445528661;B
20240119;102736;1457.800000000;46;9445528662;B
20240119;102736;1457.800000000;70;9445528663;B
20240119;102736;1458.000000000;30;9445528664;B
20240119;102736;1458.000000000;3;9445528665;B
20240119;102736;1458.000000000;1;9445528666;B
20240119;102736;1458.000000000;40;9445528667;B
20240119;102736;1458.000000000;56;9445528668;B
20240119;102736;1458.000000000;100;9445528669;B
20240119;102736;1458.000000000;100;9445528703;B
20240119;102736;1458.000000000;3;9445528722;B
20240119;102736;1458.000000000;100;9445528735;B
20240119;102736;1458.000000000;100;9445528796;B
20240119;102736;1458.000000000;1;9445528819;B
20240119;102737;1458.000000000;100;9445528841;B
20240119;102737;1458.000000000;100;9445528871;B
20240119;102737;1458.000000000;100;9445528873;B
20240119;102737;1458.000000000;440;9445528876;B
20240119;102737;1458.000000000;15;9445528877;B
20240119;102737;1458.400000000;34;9445528901;B
20240119;102737;1458.400000000;4;9445528902;B
20240119;102737;1458.600000000;50;9445528916;B
20240119;102737;1458.600000000;13;9445528917;B
20240119;102737;1458.800000000;1;9445528918;B
20240119;102737;1458.800000000;6;9445528919;B
20240119;102737;1458.800000000;30;9445528920;B
20240119;102737;1458.800000000;24;9445528921;B
20240119;102737;1458.800000000;58;9445528922;B
20240119;102737;1459.000000000;1;9445528923;B
20240119;102737;1459.000000000;7;9445528924;B
20240119;102737;1459.000000000;10;9445528925;B
20240119;102737;1459.000000000;1;9445528927;B
20240119;102737;1459.000000000;30;9445528928;B
20240119;102737;1459.200000000;54;9445528929;B
20240119;102737;1459.200000000;15;9445528930;B
20240119;102737;1459.400000000;100;9445528936;B
20240119;102737;1459.400000000;92;9445528954;B
20240119;102737;1459.400000000;8;9445528955;B
20240119;102737;1459.400000000;46;9445528956;B
20240119;102737;1459.400000000;25;9445528957;B
20240119;102737;1459.600000000;29;9445528958;B
20240119;102737;1459.400000000;25;9445528959;B
20240119;102737;1459.600000000;75;9445528960;B
20240119;102737;1459.600000000;100;9445528961;B
20240119;102738;1459.800000000;25;9445529029;B
20240119;102738;1460.000000000;75;9445529030;B
20240119;102738;1460.000000000;100;9445529031;B
20240119;102738;1459.800000000;25;9445529059;B
20240119;102738;1460.000000000;75;9445529060;B
20240119;102738;1460.000000000;100;9445529061;B
20240119;102738;1459.800000000;25;9445529080;B
20240119;102738;1460.000000000;75;9445529081;B
20240119;102738;1460.000000000;100;9445529082;B
20240119;102738;1459.800000000;25;9445529103;B
20240119;102738;1460.000000000;75;9445529104;B
20240119;102738;1460.000000000;100;9445529105;B
20240119;102739;1460.000000000;100;9445529150;B
20240119;102739;1460.000000000;100;9445529189;B
20240119;102739;1460.000000000;1;9445529191;B
20240119;102739;1460.000000000;172;9445529192;B
20240119;102739;1460.000000000;230;9445529193;B
20240119;102739;1460.000000000;402;9445529194;B
20240119;102739;1460.000000000;299;9445529195;B
20240119;102739;1460.000000000;194;9445529196;B
20240119;102739;1460.400000000;32;9445529215;B
20240119;102739;1460.600000000;68;9445529216;B
20240119;102739;1460.600000000;72;9445529217;B
20240119;102739;1460.600000000;4;9445529218;B
20240119;102739;1460.600000000;24;9445529219;B
20240119;102739;1460.600000000;6;9445529220;B
20240119;102739;1461.000000000;16;9445529221;B
20240119;102739;1461.200000000;54;9445529222;B
20240119;102739;1461.200000000;24;9445529223;B
20240119;102739;1461.200000000;100;9445529224;B
20240119;102739;1461.600000000;54;9445529242;B
20240119;102739;1461.600000000;46;9445529243;B
20240119;102739;1461.800000000;25;9445529250;B
