<DATE>;<TIME>;<LAST>;<VOL>;<ID>;<OPER>
20240426;095949;1242.2;3;10212319696;S
20240426;095949;1242.2;30;10212319697;B
20240426;095949;1242.2;1;10212319698;B
20240426;095949;1242.2;12;10212319699;B
20240426;095949;1242.2;150;10212319700;B
20240426;095949;1242.2;8;10212319701;B
20240426;095949;1242.2;1;10212319702;B
20240426;095949;1242.2;1;10212319703;B
20240426;095949;1242.2;15;10212319704;B
20240426;095949;1242.2;4;10212319705;B
20240426;095949;1242.2;2;10212319706;B
20240426;095949;1242.2;1;10212319707;B
20240426;095949;1242.2;3;10212319708;B
20240426;095949;1242.2;1;10212319709;B
20240426;095949;1242.2;20;10212319710;B
20240426;095949;1242.2;1;10212319711;B
20240426;095949;1242.2;40;10212319712;B
20240426;095949;1242.2;1;10212319713;B
20240426;095949;1242.2;1;10212319714;B
20240426;095949;1242.2;1;10212319715;B
20240426;095949;1242.2;29;10212319716;B
20240426;095949;1242.2;8;10212319717;B
20240426;095949;1242.2;1;10212319718;S
20240426;095949;1242.2;66;10212319719;B
20240426;095949;1242.2;5;10212319720;B
20240426;095949;1242.2;1;10212319721;B
20240426;095949;1242.2;2;10212319722;S
20240426;095949;1242.2;60;10212319723;S
20240426;095949;1242.2;3;10212319724;S
20240426;095949;1242.2;1;10212319725;S
20240426;095949;1242.2;6;10212319726;S
20240426;095949;1242.2;2;10212319727;S
20240426;095949;1242.2;1;10212319728;S
20240426;095949;1242.2;24;10212319729;B
20240426;095949;1242.2;2;10212319730;S
20240426;095949;1242.2;4;10212319731;B
20240426;095949;1242.2;1;10212319732;B
20240426;095949;1242.2;1;10212319733;B
20240426;095949;1242.2;1;10212319734;B
20240426;095949;1242.2;4;10212319735;B
20240426;095949;1242.2;4;10212319736;B
20240426;095949;1242.2;7;10212319737;B
20240426;095949;1242.2;7;10212319738;S
20240426;095949;1242.2;3;10212319739;S
20240426;095949;1242.2;7;10212319740;S
20240426;095949;1242.2;31;10212319741;S
20240426;095949;1242.2;100;10212319742;S
20240426;095949;1242.2;2;10212319743;S
20240426;095949;1242.2;1;10212319744;B
20240426;095949;1242.2;10;10212319745;S
20240426;095949;1242.2;8;10212319746;B
20240426;095949;1242.2;5;10212319747;B
20240426;095949;1242.2;3;10212319748;S
20240426;095949;1242.2;128;10212319749;S
20240426;095949;1242.2;5;10212319750;B
20240426;095949;1242.2;25;10212319751;B
20240426;095949;1242.2;5;10212319752;S
20240426;095949;1242.2;1;10212319753;S
20240426;095949;1242.2;16;10212319754;S
20240426;095949;1242.2;24;10212319755;S
20240426;095949;1242.2;30;10212319756;S
20240426;095949;1242.2;1;10212319757;S
20240426;095949;1242.2;1;10212319758;S
20240426;095949;1242.2;2;10212319759;S
20240426;095949;1242.2;4;10212319760;S
20240426;095949;1242.2;80;10212319761;S
20240426;095949;1242.2;50;10212319762;S
20240426;095949;1242.2;7;10212319763;S
20240426;095949;1242.2;1;10212319764;S
20240426;095949;1242.2;4;10212319765;B
20240426;095949;1242.2;1;10212319766;B
20240426;095949;1242.2;1;10212319767;B
20240426;095949;1242.2;17;10212319768;B
20240426;100005;1242.2;5;10212324958;B
20240426;100005;1242.2;4;10212325094;B
20240426;100005;1242.2;2;10212325144;B
20240426;100005;1242.2;20;10212325146;B
20240426;100005;1242;55;10212325235;S
20240426;100005;1242.2;49;10212325237;B
20240426;100005;1242.4;1;10212325238;B
20240426;100005;1242.2;1;10212325411;B
20240426;100005;1242.2;8;10212325412;B
20240426;100005;1242.4;2;10212325413;B
20240426;100005;1242.4;3;10212325414;B
20240426;100005;1242.2;1;10212325417;S
20240426;100006;1242;45;10212325665;S
20240426;100006;1242;5;10212325666;S
20240426;100006;1242;80;10212325725;S
20240426;100006;1241.8;10;10212325851;S
20240426;100006;1241.8;10;10212325852;S
20240426;100006;1241.8;1;10212325973;S
20240426;100006;1242;100;10212326179;B
20240426;100006;1241.8;81;10212326266;S
20240426;100007;1242;16;10212326794;B
20240426;100007;1242.2;10;10212326795;B
20240426;100007;1242.2;6;10212326796;B
20240426;100007;1242.6;1;10212326799;B
20240426;100007;1241.8;1;10212327081;S
20240426;100007;1242.4;1;10212327094;B
20240426;100007;1242.4;1;10212327095;B
20240426;100007;1242.4;1;10212327101;B
20240426;100007;1242.4;1;10212327106;B
20240426;100007;1242.4;1;10212327161;B
20240426;100007;1241.8;1;10212327166;S
20240426;100007;1241.8;1;10212327240;S
20240426;100007;1241.8;1;10212327411;S
20240426;100007;1242.4;1;10212327428;B
20240426;100007;1242.4;1;10212327437;B
20240426;100007;1242.4;1;10212327461;B
20240426;100007;1241.8;3;10212327812;S
20240426;100007;1242.4;1;10212327815;B
20240426;100007;1242.4;1;10212327916;B
20240426;100007;1242;1;10212327919;S
20240426;100008;1242.4;1;10212328557;B
20240426;100008;1242.4;24;10212328560;B
20240426;100008;1242.4;1;10212328561;B
20240426;100008;1242.4;25;10212328562;B
20240426;100008;1242.4;15;10212328566;B
20240426;100008;1242.4;16;10212328567;B
20240426;100008;1242.6;26;10212328568;B
20240426;100008;1242.6;113;10212328569;B
20240426;100008;1242.6;1;10212328570;B
20240426;100008;1242.8;1;10212328571;B
20240426;100008;1242.8;328;10212328572;B
20240426;100008;1242;1;10212328668;S
20240426;100008;1242;2;10212328904;S
20240426;100008;1242.6;5;10212328906;B
20240426;100008;1242.6;5;10212328907;B
20240426;100008;1242.6;50;10212328909;B
20240426;100008;1242.8;2;10212328987;B
20240426;100008;1242.8;1;10212329107;B
20240426;100009;1242.8;1;10212329374;B
20240426;100009;1242;1;10212329422;S
20240426;100009;1242.8;1;10212329424;B
20240426;100009;1242;1;10212329425;S
20240426;100009;1243;1;10212329730;B
20240426;100010;1242.4;5;10212329949;S
20240426;100010;1243;1;10212329952;B
20240426;100010;1243;4;10212329953;B
20240426;100010;1243;1;10212330272;B
20240426;100010;1243;1;10212330274;B
20240426;100010;1243;1;10212330606;B
20240426;100011;1243;6;10212330803;B
20240426;100011;1242.4;15;10212330980;S
20240426;100015;1242.6;2;10212332009;S
20240426;100015;1242.4;13;10212332010;S
20240426;100015;1242.4;25;10212332011;S
20240426;100015;1242.2;75;10212332012;S
20240426;100016;1242.6;1;10212332074;B
20240426;100016;1242.6;1;10212332148;B
20240426;100017;1242.6;3;10212332243;B
20240426;100018;1242.4;2;10212332650;S
20240426;100018;1242;8;10212332651;S
20240426;100019;1242;5;10212332965;S
20240426;100021;1242;10;10212333320;B
20240426;100022;1241.8;70;10212333469;B
20240426;100025;1242;3;10212334262;B
20240426;100025;1242;2;10212334263;B
20240426;100026;1241.6;144;10212334399;S
20240426;100026;1241.6;10;10212334400;S
20240426;100026;1241.6;1;10212334420;B
20240426;100026;1241.6;1;10212334460;B
20240426;100028;1241.6;5;10212334898;B
20240426;100028;1241.6;6;10212334930;B
20240426;100031;1241.6;3;10212335596;B
20240426;100032;1241.4;2;10212335840;S
20240426;100032;1241.4;25;10212335841;S
20240426;100032;1241.4;100;10212335842;S
20240426;100032;1241.2;1;10212335843;S
20240426;100032;1241;50;10212335844;S
20240426;100032;1241;89;10212335845;S
20240426;100032;1241;13;10212335846;S
20240426;100032;1241;144;10212335847;S
20240426;100032;1240.8;76;10212335848;S
20240426;100032;1241.2;1;10212335864;B
20240426;100033;1241;2;10212335944;S
20240426;100033;1241;3;10212335945;S
20240426;100033;1241;1;10212336021;S
20240426;100033;1241.2;3;10212336043;B
20240426;100035;1241;5;10212336343;S
20240426;100035;1241.2;1;10212336368;B
20240426;100036;1241.2;2;10212336467;B
20240426;100037;1241.2;90;10212336556;B
20240426;100037;1241.2;11;10212336557;B
20240426;100037;1241.4;3;10212336558;B
20240426;100037;1241.4;162;10212336559;B
20240426;100037;1241.4;34;10212336560;B
20240426;100037;1241;7;10212336683;S
20240426;100039;1241;25;10212337023;S
20240426;100044;1241;1;10212338122;S
20240426;100049;1241;56;10212339280;S
20240426;100050;1241;8;10212339497;B
20240426;100050;1241;1;10212339544;B
20240426;100051;1241;1;10212339689;B
20240426;100052;1240.8;4;10212339863;S
20240426;100052;1240.8;145;10212339864;S
20240426;100052;1240.8;100;10212339865;S
20240426;100052;1240.8;60;10212339866;S
20240426;100052;1240.8;1;10212339925;B
20240426;100053;1240.8;2;10212340033;B
20240426;100054;1240.8;3;10212340352;B
20240426;100054;1240.8;79;10212340372;B
20240426;100059;1240.8;150;10212341535;B
20240426;100102;1240.8;5;10212342277;B
20240426;100104;1240.8;16;10212342717;B
20240426;100105;1240.6;52;10212342967;S
20240426;100108;1240.8;5;10212343372;B
20240426;100110;1240.6;28;10212343735;S
20240426;100110;1240.6;24;10212343736;S
20240426;100110;1240.6;100;10212343737;S
20240426;100110;1240.6;48;10212343738;S
20240426;100113;1240.8;1;10212344108;B
20240426;100113;1240.8;1;10212344201;B
20240426;100113;1240.6;12;10212344205;S
20240426;100113;1240.6;27;10212344206;S
20240426;100116;1240.8;10;10212344661;B
20240426;100117;1240.6;1;10212344890;S
20240426;100118;1240.6;69;10212345019;S
20240426;100118;1240.6;25;10212345020;S
20240426;100118;1240.6;80;10212345021;S
20240426;100118;1240.6;162;10212345022;S
20240426;100118;1240.6;100;10212345023;S
20240426;100118;1240.6;12;10212345024;S
20240426;100118;1240.6;60;10212345025;S
20240426;100118;1240.6;10;10212345102;B
20240426;100120;1240.6;1;10212345444;B
20240426;100124;1240.6;1;10212346397;B
20240426;100126;1240.4;30;10212346813;S
20240426;100132;1240.6;7;10212347994;B
20240426;100134;1240.6;160;10212348402;B
20240426;100135;1240.6;35;10212348498;B
20240426;100135;1240.4;50;10212348509;S
20240426;100135;1240.4;100;10212348510;S
20240426;100135;1240.4;26;10212348511;S
20240426;100135;1240.4;24;10212348512;S
20240426;100136;1240.6;5;10212348723;B
20240426;100136;1240.6;1;10212348880;B
20240426;100137;1240.6;1;10212349008;B
20240426;100139;1240.4;9;10212349278;S
20240426;100140;1240.4;37;10212349561;S
20240426;100140;1240.4;60;10212349562;S
20240426;100140;1240.4;10;10212349563;S
20240426;100140;1240.4;50;10212349564;S
20240426;100140;1240.4;80;10212349565;S
20240426;100140;1240.4;100;10212349566;S
20240426;100140;1240.4;27;10212349567;S
20240426;100140;1240.4;4;10212349568;S
20240426;100142;1240.4;1;10212350054;B
20240426;100142;1240.4;12;10212350081;B
20240426;100145;1240.2;20;10212350413;S
20240426;100147;1240.4;1;10212350592;B
20240426;100147;1240.4;5;10212350693;B
20240426;100149;1240.4;1;10212350973;B
20240426;100156;1240.4;112;10212351853;B
20240426;100157;1240.6;71;10212352064;B
20240426;100157;1240.8;48;10212352065;B
20240426;100157;1240.8;10;10212352066;B
20240426;100157;1241;13;10212352067;B
20240426;100157;1241;5;10212352068;B
20240426;100157;1241;3;10212352069;B
20240426;100201;1240.8;2;10212352883;S
20240426;100208;1240.8;19;10212353790;S
20240426;100208;1241;1;10212353798;B
20240426;100208;1241;19;10212353799;B
20240426;100212;1240.8;8;10212354334;S
20240426;100213;1240.8;20;10212354420;S
20240426;100215;1241;10;10212354847;B
20240426;100216;1241;2;10212354972;B
20240426;100216;1241;1;10212355017;B
20240426;100218;1241;1;10212355283;B
20240426;100219;1241;2;10212355543;B
20240426;100221;1241;1;10212355753;B
20240426;100221;1240.8;100;10212355779;S
20240426;100221;1240.8;60;10212355780;S
20240426;100221;1240.8;50;10212355781;S
20240426;100221;1240.8;17;10212355782;S
20240426;100221;1240.6;13;10212355783;S
20240426;100221;1240.4;60;10212355784;S
20240426;100221;1240.2;4;10212355785;S
20240426;100221;1240.2;1;10212355786;S
20240426;100221;1240.2;100;10212355787;S
20240426;100221;1240.2;18;10212355788;S
20240426;100221;1240.2;226;10212355789;S
20240426;100221;1240.2;162;10212355790;S
20240426;100221;1240.2;97;10212355791;S
20240426;100221;1240;1;10212355792;S
20240426;100221;1240;1;10212355793;S
20240426;100221;1240;2;10212355794;S
20240426;100221;1240;2;10212355795;S
20240426;100221;1240;121;10212355796;S
20240426;100221;1240;1;10212355797;S
20240426;100221;1240;150;10212355798;S
20240426;100221;1240;1;10212355799;S
20240426;100221;1240;1;10212355800;S
20240426;100221;1240;30;10212355801;S
20240426;100221;1240;10;10212355802;S
20240426;100221;1240;20;10212355803;S
20240426;100221;1240;5;10212355804;S
20240426;100221;1240;1;10212355805;S
20240426;100221;1240;600;10212355806;S
20240426;100221;1240;25;10212355807;S
20240426;100221;1240;5;10212355808;S
20240426;100221;1240;200;10212355809;S
20240426;100221;1240;10;10212355810;S
20240426;100221;1239.8;50;10212355811;S
20240426;100221;1239.8;122;10212355812;S
20240426;100221;1239.8;120;10212355813;S
20240426;100221;1239.8;150;10212355814;S
20240426;100221;1239.8;250;10212355815;S
20240426;100221;1239.6;4;10212355816;S
20240426;100221;1239.6;10;10212355817;S
20240426;100221;1239.6;2;10212355818;S
20240426;100221;1239.6;1;10212355819;S
20240426;100221;1239.6;4;10212355820;S
20240426;100221;1239.6;40;10212355821;S
20240426;100221;1239.6;5;10212355822;S
20240426;100221;1239.6;1;10212355823;S
20240426;100221;1239.6;4;10212355824;S
20240426;100221;1239.6;1;10212355825;S
20240426;100221;1239.6;1;10212355826;S
20240426;100221;1239.6;10;10212355827;S
20240426;100221;1239.6;8;10212355828;S
20240426;100221;1239.6;7;10212355829;S
20240426;100221;1239.6;3;10212355830;S
20240426;100221;1239.6;5;10212355831;S
20240426;100221;1239.6;1;10212355832;S
20240426;100221;1239.6;5;10212355833;S
20240426;100221;1239.6;1;10212355834;S
20240426;100221;1239.6;1;10212355835;S
20240426;100221;1239.6;1;10212355836;S
20240426;100221;1239.6;77;10212355837;S
20240426;100221;1239.6;1;10212355838;S
20240426;100221;1239.6;1;10212355839;S
20240426;100221;1239.6;193;10212355840;S
20240426;100221;1239.6;1;10212355841;S
20240426;100221;1239.6;30;10212355842;S
20240426;100221;1239.6;5;10212355843;S
20240426;100221;1239.6;5;10212355844;S
20240426;100221;1239.6;1;10212355845;S
20240426;100221;1239.6;1;10212355846;S
20240426;100221;1239.6;11;10212355847;S
20240426;100221;1239.6;40;10212355848;S
20240426;100221;1239.6;145;10212355849;S
20240426;100221;1239.4;5;10212355850;S
20240426;100221;1239.4;5;10212355851;S
20240426;100221;1239.4;1;10212355852;S
20240426;100221;1239.4;200;10212355853;S
20240426;100221;1239.4;1;10212355854;S
20240426;100221;1239.4;2;10212355855;S
20240426;100221;1239.4;42;10212355856;S
20240426;100221;1239.4;4;10212355857;S
20240426;100221;1239.4;1;10212355858;S
20240426;100221;1239.4;50;10212355859;S
20240426;100221;1239.4;1;10212355860;S
20240426;100221;1239.4;5;10212355861;S
20240426;100221;1239.4;1;10212355862;S
20240426;100221;1239.4;1;10212355863;S
20240426;100221;1239.4;5;10212355864;S
20240426;100221;1239.4;39;10212355865;S
20240426;100221;1239.4;96;10212355866;S
20240426;100221;1239.2;1;10212355867;S
20240426;100221;1239.2;35;10212355868;S
20240426;100221;1239.2;2;10212355869;S
20240426;100221;1239.2;3;10212355870;S
20240426;100221;1239.2;12;10212355871;S
20240426;100221;1239.2;576;10212355872;S
20240426;100221;1240.2;18;10212355874;S
20240426;100222;1239.6;24;10212355978;S
20240426;100222;1239.6;24;10212355979;S
20240426;100222;1239.6;1;10212356016;S
20240426;100222;1239.4;10;10212356143;S
20240426;100223;1239.6;10;10212356354;B
20240426;100223;1240;6;10212356355;B
20240426;100224;1240;3;10212356469;B
20240426;100225;1239.4;52;10212356826;S
20240426;100226;1239.8;1;10212356944;B
20240426;100229;1239.8;50;10212357438;B
20240426;100231;1239.4;8;10212357716;S
20240426;100231;1239.4;1;10212357717;S
20240426;100231;1240;4;10212357818;B
20240426;100231;1240;6;10212357819;B
20240426;100234;1240;1;10212358166;B
20240426;100234;1239.8;22;10212358202;S
20240426;100235;1240;2;10212358265;B
20240426;100235;1240;1;10212358286;B
20240426;100235;1240;4;10212358287;B
20240426;100236;1240;1;10212358559;B
20240426;100237;1240;1;10212358638;B
20240426;100240;1240;3;10212359177;B
20240426;100240;1239.8;78;10212359194;S
20240426;100240;1239.8;22;10212359195;S
20240426;100240;1239.6;1;10212359232;B
20240426;100241;1239.4;6;10212359306;S
20240426;100241;1239.4;100;10212359307;S
20240426;100241;1239.4;145;10212359308;S
20240426;100241;1239.4;10;10212359309;S
20240426;100241;1239.4;100;10212359310;S
20240426;100241;1239.2;244;10212359311;S
20240426;100241;1239.2;4;10212359312;S
20240426;100241;1239.2;57;10212359313;S
20240426;100241;1239.2;60;10212359314;S
20240426;100241;1239.2;60;10212359315;S
20240426;100241;1239;1;10212359316;S
20240426;100241;1239;2;10212359317;S
20240426;100241;1239;30;10212359318;S
20240426;100241;1239;1;10212359319;S
20240426;100241;1239;1;10212359320;S
20240426;100241;1239;1;10212359321;S
20240426;100241;1239;1;10212359322;S
20240426;100241;1239;5;10212359323;S
20240426;100241;1239;1;10212359324;S
20240426;100241;1239;5;10212359325;S
20240426;100241;1239;3;10212359326;S
20240426;100241;1239;161;10212359327;S
20240426;100241;1239;1;10212359328;S
20240426;100241;1239;24;10212359329;S
20240426;100241;1239;1;10212359330;S
20240426;100241;1239;24;10212359331;S
20240426;100241;1239;1;10212359332;S
20240426;100241;1239;1;10212359333;S
20240426;100241;1239;2;10212359334;S
20240426;100241;1239;2;10212359335;S
20240426;100241;1239;2;10212359336;S
20240426;100241;1239;24;10212359337;S
20240426;100241;1239;5;10212359338;S
20240426;100241;1239;1;10212359339;S
20240426;100241;1239;764;10212359340;S
20240426;100241;1239.4;1;10212359345;B
20240426;100241;1239.4;5;10212359364;S
20240426;100241;1239.2;35;10212359365;S
20240426;100241;1239.6;75;10212359394;B
20240426;100241;1239.2;42;10212359409;S
20240426;100244;1239.2;2;10212359808;S
20240426;100245;1239.6;1;10212359922;B
20240426;100245;1239.8;1;10212359949;B
20240426;100249;1239.6;21;10212360462;S
20240426;100249;1239.6;1;10212360463;S
20240426;100249;1239.6;7;10212360464;S
20240426;100249;1239.6;97;10212360465;S
20240426;100249;1239.4;20;10212360466;S
20240426;100249;1239.4;13;10212360467;S
20240426;100249;1239.4;21;10212360468;S
20240426;100250;1239.8;1;10212360573;B
20240426;100255;1239.6;100;10212361376;S
20240426;100255;1239.6;1;10212361377;S
20240426;100255;1239.6;145;10212361378;S
20240426;100255;1239.4;39;10212361379;S
20240426;100255;1239.4;11;10212361380;S
20240426;100255;1239.4;96;10212361416;B
20240426;100255;1239.4;97;10212361417;B
20240426;100255;1239.6;60;10212361418;B
20240426;100255;1239.6;56;10212361419;B
20240426;100255;1239.6;110;10212361420;B
20240426;100255;1239.6;214;10212361421;B
20240426;100255;1239.8;12;10212361422;B
20240426;100255;1239.8;145;10212361423;B
20240426;100256;1239.8;4;10212361642;B
20240426;100257;1239.8;1;10212361880;B
20240426;100258;1239.6;5;10212362006;S
20240426;100301;1239.8;1;10212362516;B
20240426;100304;1239.6;1;10212363369;S
20240426;100304;1239.8;1;10212363392;B
20240426;100305;1239.6;94;10212363428;S
20240426;100305;1239.6;59;10212363429;S
20240426;100306;1239.4;13;10212363739;S
20240426;100306;1239.2;92;10212363740;S
20240426;100306;1239.2;32;10212363802;S
20240426;100306;1239.2;40;10212363808;S
20240426;100306;1239.2;598;10212363810;S
20240426;100306;1239.2;238;10212363811;S
20240426;100306;1239.2;100;10212363812;S
20240426;100306;1239;236;10212363813;S
20240426;100306;1239;1;10212363814;S
20240426;100306;1239;5;10212363815;S
20240426;100306;1239;1;10212363816;S
20240426;100306;1239;40;10212363817;S
20240426;100306;1239;10;10212363818;S
20240426;100306;1239;1;10212363819;S
20240426;100306;1239;20;10212363820;S
20240426;100306;1239;10;10212363821;S
20240426;100306;1239;1;10212363822;S
20240426;100306;1239;4;10212363823;S
20240426;100306;1239;45;10212363824;S
20240426;100306;1239;200;10212363825;S
20240426;100306;1239;10;10212363826;S
20240426;100306;1239;1;10212363827;S
20240426;100306;1239;200;10212363828;S
20240426;100306;1239;10;10212363829;S
20240426;100306;1239;1;10212363830;S
20240426;100306;1239;10;10212363831;S
20240426;100306;1239;1;10212363832;S
20240426;100306;1239;1;10212363833;S
20240426;100306;1239;43;10212363834;S
20240426;100306;1239;7;10212363924;S
20240426;100306;1239;5;10212363925;S
20240426;100306;1239;1;10212363926;S
20240426;100306;1239;50;10212363927;S
20240426;100306;1239;1;10212363928;S
20240426;100306;1239;1;10212363929;S
20240426;100306;1239;13;10212363930;S
20240426;100306;1239;25;10212363931;S
20240426;100306;1239;52;10212363932;S
20240426;100306;1239;4;10212363950;S
20240426;100307;1239;4;10212364051;S
20240426;100307;1238.8;10;10212364052;S
20240426;100307;1238.8;1;10212364053;S
20240426;100307;1238.8;100;10212364054;S
20240426;100307;1238.8;1;10212364055;S
20240426;100307;1238.8;1;10212364056;S
20240426;100307;1238.8;1;10212364057;S
20240426;100307;1238.8;5;10212364058;S
20240426;100307;1238.8;2;10212364059;S
20240426;100307;1238.8;30;10212364060;S
20240426;100307;1238.8;5;10212364061;S
20240426;100307;1238.8;1;10212364062;S
20240426;100307;1238.8;61;10212364063;S
20240426;100307;1238.8;145;10212364064;S
20240426;100307;1238.6;1;10212364065;S
20240426;100307;1238.6;1;10212364066;S
20240426;100307;1238.6;20;10212364067;S
20240426;100307;1238.6;15;10212364068;S
20240426;100307;1238.6;12;10212364069;S
20240426;100307;1238.4;55;10212364070;S
20240426;100307;1238.4;5;10212364071;S
20240426;100307;1238.4;10;10212364072;S
20240426;100307;1238.4;5;10212364073;S
20240426;100307;1238.4;3;10212364074;S
20240426;100307;1238.4;20;10212364075;S
20240426;100307;1238.4;164;10212364076;S
20240426;100307;1238.4;233;10212364080;S
20240426;100307;1238.8;21;10212364084;S
20240426;100307;1238.8;7;10212364149;S
20240426;100307;1238.8;32;10212364157;S
20240426;100307;1238.6;100;10212364158;S
20240426;100307;1238.4;303;10212364159;S
20240426;100307;1238.4;13;10212364160;S
20240426;100307;1238.2;10;10212364161;S
20240426;100307;1238.2;10;10212364162;S
20240426;100307;1238.2;2;10212364163;S
20240426;100307;1238.2;1;10212364164;S
20240426;100307;1238.2;10;10212364165;S
20240426;100307;1238.2;3;10212364166;S
20240426;100307;1238.2;1;10212364167;S
20240426;100307;1238.2;10;10212364168;S
20240426;100307;1238.2;50;10212364169;S
20240426;100307;1238.2;2;10212364170;S
20240426;100307;1238.2;70;10212364171;S
20240426;100307;1238.2;4;10212364172;S
20240426;100307;1238.2;10;10212364173;S
20240426;100307;1238.2;71;10212364174;S
20240426;100307;1238.4;61;10212364224;S
20240426;100307;1238.2;79;10212364232;S
20240426;100307;1238;1;10212364233;S
20240426;100307;1238;1;10212364234;S
20240426;100307;1238;185;10212364235;S
20240426;100307;1238.4;13;10212364258;S
20240426;100307;1238.6;80;10212364275;B
20240426;100307;1238.6;60;10212364276;B
20240426;100307;1238.6;100;10212364301;S
20240426;100307;1239;13;10212364305;B
20240426;100307;1239;17;10212364306;B
20240426;100307;1238.8;6;10212364307;S
20240426;100307;1238.8;18;10212364332;S
20240426;100307;1238.8;3;10212364333;S
20240426;100307;1238.8;60;10212364334;S
20240426;100307;1238.8;26;10212364335;S
20240426;100307;1238.6;9;10212364336;S
20240426;100307;1239;3;10212364346;B
20240426;100307;1239;22;10212364347;B
20240426;100311;1239.2;1;10212364967;B
20240426;100313;1239;9;10212365528;S
20240426;100314;1239;10;10212365706;S
20240426;100315;1239.2;1;10212365875;B
20240426;100316;1239.2;50;10212365993;B
20240426;100317;1239;1;10212366158;S
20240426;100317;1239.2;5;10212366264;B
20240426;100320;1239.2;1;10212366889;B
20240426;100321;1239;1;10212366959;S
20240426;100321;1239;1;10212366960;S
20240426;100321;1239;1;10212366961;S
20240426;100321;1239;3;10212366962;S
20240426;100321;1239;1;10212366963;S
20240426;100321;1239;12;10212366964;S
20240426;100323;1239.2;6;10212367335;B
20240426;100324;1239.2;2;10212367505;B
20240426;100325;1239;1;10212367668;S
20240426;100325;1239;3;10212367669;S
20240426;100325;1239;30;10212367670;S
20240426;100325;1239;43;10212367671;S
20240426;100325;1239.2;16;10212367676;B
20240426;100326;1238.8;20;10212367758;S
20240426;100329;1239;2;10212368173;B
20240426;100329;1239;68;10212368174;B
20240426;100330;1239;10;10212368260;B
20240426;100331;1238.8;80;10212368410;S
20240426;100331;1238.8;60;10212368411;S
20240426;100331;1238.8;5;10212368412;S
20240426;100331;1238.8;1;10212368413;S
20240426;100331;1238.8;45;10212368414;S
20240426;100331;1238.8;22;10212368415;S
20240426;100331;1238.8;97;10212368416;S
20240426;100335;1238.8;1;10212369331;B
20240426;100336;1238.8;89;10212369526;B
20240426;100336;1238.8;28;10212369527;B
20240426;100338;1239;1;10212369816;B
20240426;100338;1239;3;10212369817;B
20240426;100338;1239;1;10212369818;B
20240426;100338;1239;5;10212369819;B
20240426;100343;1239;5;10212370582;B
20240426;100344;1239;3;10212370692;B
20240426;100344;1239;2;10212370732;B
20240426;100346;1239;10;10212371053;S
20240426;100347;1239.2;2;10212371411;B
20240426;100348;1239;81;10212371585;S
20240426;100350;1239;1;10212371808;S
20240426;100351;1239.2;6;10212372191;B
20240426;100353;1239;20;10212372348;S
20240426;100354;1239.2;10;10212372500;B
20240426;100354;1239.2;13;10212372501;B
20240426;100354;1239.2;4;10212372502;B
20240426;100354;1239.2;2;10212372503;B
20240426;100354;1239.2;31;10212372504;B
20240426;100354;1239.2;12;10212372505;B
20240426;100354;1239;1;10212372570;S
20240426;100355;1239;4;10212372672;S
20240426;100355;1239;1;10212372673;S
20240426;100355;1239;71;10212372674;S
20240426;100356;1239;1;10212372943;S
20240426;100356;1238.8;19;10212372944;S
20240426;100357;1239;1;10212373105;B
20240426;100400;1238.8;1;10212373684;S
20240426;100400;1239;1;10212373780;B
20240426;100402;1238.8;13;10212374254;S
20240426;100402;1238.8;60;10212374255;S
20240426;100402;1238.8;1;10212374256;S
20240426;100402;1238.8;2;10212374257;S
20240426;100402;1238.8;1;10212374258;S
20240426;100402;1238.8;1;10212374259;S
20240426;100402;1238.8;13;10212374260;S
20240426;100402;1238.8;8;10212374261;S
20240426;100407;1238.8;1;10212374889;B
20240426;100408;1238.6;76;10212375044;S
20240426;100409;1238.8;12;10212375180;B
20240426;100410;1238.8;3;10212375353;B
20240426;100410;1238.8;25;10212375389;B
20240426;100411;1238.8;10;10212375540;B
20240426;100411;1238.8;5;10212375603;B
20240426;100411;1238.8;27;10212375604;B
20240426;100412;1239;1;10212375732;B
20240426;100413;1239;2;10212375811;B
20240426;100413;1239;1;10212375863;B
20240426;100417;1239;1;10212376362;B
20240426;100417;1239;8;10212376387;B
20240426;100418;1239;5;10212376447;B
20240426;100418;1239;3;10212376465;B
20240426;100419;1239;1;10212376577;B
20240426;100419;1239;2;10212376669;B
20240426;100423;1239;2;10212377118;B
20240426;100424;1239;103;10212377267;B
20240426;100424;1239;5;10212377285;B
20240426;100425;1239;1;10212377364;B
20240426;100426;1239;2;10212377519;B
20240426;100427;1239;2;10212377608;B
20240426;100428;1239;1;10212377703;B
20240426;100428;1239;1;10212377740;B
20240426;100429;1239;20;10212377865;B
20240426;100431;1239;4;10212378126;B
20240426;100432;1238.8;2;10212378371;S
20240426;100432;1238.8;1;10212378446;S
20240426;100433;1239;2;10212378555;B
20240426;100435;1239;2;10212378777;B
20240426;100436;1239;10;10212378932;B
20240426;100437;1238.8;5;10212379090;S
20240426;100438;1239;1;10212379150;B
20240426;100438;1239;41;10212379171;B
20240426;100438;1239;9;10212379172;B
20240426;100438;1239;2;10212379255;B
20240426;100439;1239;1;10212379286;B
20240426;100439;1239;1;10212379323;B
20240426;100441;1239;3;10212379558;B
20240426;100442;1239;6;10212379601;B
20240426;100442;1239;1;10212379656;B
20240426;100445;1239;1;10212379929;B
20240426;100446;1238.8;4;10212380058;S
20240426;100447;1239;1;10212380307;B
20240426;100449;1239;9;10212380607;B
20240426;100449;1239;1;10212380643;B
20240426;100449;1238.8;1;10212380668;S
20240426;100449;1238.8;1;10212380669;S
20240426;100451;1238.8;10;10212380790;S
20240426;100458;1239;8;10212381719;B
20240426;100458;1239;2;10212381720;B
20240426;100458;1238.8;86;10212381723;S
20240426;100458;1238.8;1;10212381724;S
20240426;100458;1238.8;1;10212381725;S
20240426;100458;1238.8;10;10212381726;S
20240426;100458;1238.8;2;10212381727;S
20240426;100458;1238.8;25;10212381728;S
20240426;100458;1238.8;50;10212381729;S
20240426;100458;1238.8;325;10212381730;S
20240426;100501;1239;2;10212382170;B
20240426;100502;1239;40;10212382351;B
20240426;100503;1238.8;75;10212382437;S
20240426;100503;1238.8;47;10212382438;S
20240426;100504;1239;1;10212382507;B
20240426;100504;1238.8;50;10212382523;S
20240426;100504;1238.8;27;10212382524;S
20240426;100504;1238.8;18;10212382525;S
20240426;100504;1238.8;67;10212382526;S
20240426;100504;1238.6;276;10212382607;S
20240426;100505;1239;1;10212382673;B
20240426;100508;1238.6;27;10212383136;S
20240426;100510;1238.8;10;10212383374;B
20240426;100510;1238.8;90;10212383375;B
20240426;100512;1238.6;24;10212383610;S
20240426;100513;1238.8;1;10212383826;B
20240426;100514;1238.8;41;10212383898;B
20240426;100514;1238.6;170;10212383900;S
20240426;100519;1238.8;10;10212384593;B
20240426;100519;1238.8;2;10212384688;B
20240426;100519;1238.6;8;10212384739;S
20240426;100521;1238.6;170;10212385027;S
20240426;100521;1238.6;100;10212385028;S
20240426;100521;1238.6;5;10212385029;S
20240426;100521;1238.6;100;10212385030;S
20240426;100521;1238.6;193;10212385031;S
20240426;100521;1238.6;97;10212385032;S
20240426;100521;1238.4;1;10212385033;S
20240426;100521;1238.4;1;10212385034;S
20240426;100521;1238.4;1;10212385035;S
20240426;100521;1238.4;5;10212385036;S
20240426;100521;1238.4;20;10212385037;S
20240426;100521;1238.4;10;10212385038;S
20240426;100521;1238.4;1;10212385039;S
20240426;100521;1238.4;10;10212385040;S
20240426;100521;1238.4;13;10212385041;S
20240426;100521;1238.4;60;10212385042;S
20240426;100521;1238.4;58;10212385043;S
20240426;100521;1238.2;1;10212385044;S
20240426;100521;1238.2;1;10212385045;S
20240426;100521;1238.2;135;10212385046;S
20240426;100521;1238.6;1;10212385050;B
20240426;100522;1238.4;3;10212385152;S
20240426;100522;1238.4;10;10212385194;S
20240426;100522;1238.6;2;10212385236;B
20240426;100524;1238.6;10;10212385445;B
20240426;100524;1238.6;1;10212385446;B
20240426;100524;1238.6;1;10212385447;B
20240426;100524;1238.6;10;10212385583;B
20240426;100525;1238.6;4;10212385703;B
20240426;100525;1238.6;6;10212385704;B
20240426;100526;1238.6;1;10212385833;B
20240426;100526;1238.6;1;10212385863;B
20240426;100528;1238.4;87;10212386256;S
20240426;100528;1238.4;1;10212386257;S
20240426;100528;1238.4;3;10212386258;S
20240426;100528;1238.2;15;10212386259;S
20240426;100528;1238.2;5;10212386260;S
20240426;100528;1238.2;6;10212386261;S
20240426;100528;1238.2;10;10212386262;S
20240426;100528;1238.2;2;10212386263;S
20240426;100528;1238.2;5;10212386264;S
20240426;100528;1238.2;4;10212386265;S
20240426;100528;1238.2;5;10212386266;S
20240426;100528;1238.2;20;10212386267;S
20240426;100528;1238.2;5;10212386268;S
20240426;100528;1238.2;5;10212386269;S
20240426;100528;1238.2;8;10212386270;S
20240426;100528;1238.2;2;10212386271;S
20240426;100528;1238.2;58;10212386272;S
20240426;100528;1238;9;10212386273;S
20240426;100528;1238.4;3;10212386368;B
20240426;100529;1238.6;1;10212386601;B
20240426;100531;1238.6;22;10212386765;B
20240426;100531;1238.6;67;10212386766;B
20240426;100532;1238.6;1;10212386894;B
20240426;100533;1238.6;2;10212387072;B
20240426;100537;1238.6;8;10212387934;B
20240426;100537;1238.6;1;10212387985;B
20240426;100542;1238.6;5;10212388608;B
20240426;100543;1238.2;20;10212388640;S
20240426;100544;1238.6;16;10212388766;B
20240426;100544;1238.6;4;10212388767;B
20240426;100544;1238.6;1;10212388827;B
20240426;100545;1238.4;8;10212389018;B
20240426;100546;1238.4;25;10212389112;B
20240426;100547;1238.4;7;10212389203;B
20240426;100547;1238.6;3;10212389204;B
20240426;100547;1238.6;1;10212389217;B
20240426;100548;1238.6;1;10212389248;B
20240426;100548;1238.6;5;10212389278;B
20240426;100549;1238.4;5;10212389363;S
20240426;100549;1238.6;5;10212389397;B
20240426;100549;1238.6;18;10212389398;B
20240426;100549;1238.6;27;10212389399;B
20240426;100552;1238.6;1;10212389987;B
20240426;100552;1238.6;142;10212390027;B
20240426;100552;1238.6;10;10212390028;B
20240426;100553;1238.6;100;10212390095;S
20240426;100554;1238.6;8;10212390243;S
20240426;100556;1238.8;3;10212390579;B
20240426;100556;1239;97;10212390580;B
20240426;100556;1239;3;10212390600;B
20240426;100556;1239;2;10212390601;B
20240426;100558;1239;10;10212390875;B
20240426;100559;1239;18;10212390930;B
20240426;100559;1239;32;10212390931;B
20240426;100600;1239;1;10212391055;B
20240426;100600;1239;1;10212391070;B
20240426;100600;1239;10;10212391082;B
20240426;100601;1239;10;10212391295;B
20240426;100603;1239;35;10212391502;B
20240426;100604;1238.8;4;10212391690;S
20240426;100606;1238.8;1;10212391963;S
20240426;100606;1238.8;15;10212391964;S
20240426;100606;1238.8;15;10212391965;S
20240426;100606;1238.6;15;10212391966;S
20240426;100606;1238.6;9;10212391967;S
20240426;100606;1238.6;10;10212391968;S
20240426;100606;1238.6;20;10212391969;S
20240426;100606;1238.6;55;10212391970;S
20240426;100606;1238.4;92;10212391971;S
20240426;100606;1238.4;1;10212391972;S
20240426;100606;1238.4;1;10212391973;S
20240426;100606;1238.4;13;10212391974;S
20240426;100606;1238.4;1;10212391975;S
20240426;100606;1238.4;60;10212391976;S
20240426;100606;1238.4;10;10212391977;S
20240426;100606;1238.4;10;10212391978;S
20240426;100606;1238.4;2;10212391979;S
20240426;100606;1238.2;1;10212391980;S
20240426;100606;1238.2;80;10212391981;S
20240426;100606;1238.2;162;10212391982;S
20240426;100606;1238.2;5;10212391983;S
20240426;100606;1238.2;1;10212391984;S
20240426;100606;1238.2;1;10212391985;S
20240426;100606;1238;170;10212391986;S
20240426;100606;1238.8;5;10212391991;B
20240426;100606;1238.8;1;10212392015;B
20240426;100607;1238.8;7;10212392103;B
20240426;100607;1238.8;93;10212392104;B
20240426;100607;1238.8;1;10212392177;B
20240426;100610;1238.8;1;10212392650;B
20240426;100610;1238.8;19;10212392651;B
20240426;100611;1238.8;8;10212392724;B
20240426;100613;1238.8;10;10212393197;B
20240426;100613;1238.6;4;10212393225;S
20240426;100615;1238.8;1;10212393376;B
20240426;100615;1238.8;40;10212393418;B
20240426;100616;1238.4;15;10212393478;S
20240426;100618;1238.4;70;10212393889;S
20240426;100619;1238.8;6;10212393995;B
20240426;100620;1238.8;1;10212394050;B
20240426;100623;1238.8;9;10212394503;B
20240426;100623;1238.8;1;10212394504;B
20240426;100623;1238.8;1;10212394542;B
20240426;100623;1238.8;2;10212394579;B
20240426;100623;1238.8;8;10212394580;B
20240426;100623;1238.8;1;10212394589;B
20240426;100624;1238.8;1;10212394639;B
20240426;100624;1238.8;2;10212394640;B
20240426;100627;1238.8;5;10212395244;B
20240426;100628;1238.6;1;10212395293;S
20240426;100629;1238.6;1;10212395401;B
20240426;100629;1238.6;1;10212395417;B
20240426;100629;1238.6;1;10212395483;B
20240426;100630;1238.6;10;10212395525;B
20240426;100631;1238.6;24;10212395790;B
20240426;100637;1238.4;8;10212396790;S
20240426;100637;1238.4;17;10212396826;B
20240426;100637;1238.6;62;10212396827;B
20240426;100637;1238.6;21;10212396828;B
20240426;100638;1238.6;2;10212396884;B
20240426;100639;1238.4;1;10212396984;S
20240426;100639;1238.4;14;10212396985;S
20240426;100639;1238.4;10;10212396996;B
20240426;100639;1238.4;2;10212397104;B
20240426;100640;1238.4;1;10212397242;B
20240426;100641;1238.4;6;10212397364;B
20240426;100642;1238.4;1;10212397476;B
20240426;100644;1238.4;1;10212398143;B
20240426;100644;1238.4;5;10212398146;B
20240426;100645;1238.4;6;10212398345;B
20240426;100645;1238.4;44;10212398346;B
20240426;100647;1238.4;80;10212398705;S
20240426;100647;1238.6;1;10212398706;B
20240426;100648;1238.6;1;10212398777;B
20240426;100648;1238.6;1;10212398845;B
20240426;100650;1238.6;10;10212399058;B
20240426;100656;1238.4;1;10212400191;S
20240426;100656;1238.4;2;10212400192;S
20240426;100656;1238.2;10;10212400193;S
20240426;100656;1238.2;87;10212400194;S
20240426;100658;1238.4;1;10212400556;B
20240426;100700;1238.4;1;10212401206;B
20240426;100701;1238.4;1;10212401437;B
20240426;100701;1238.2;13;10212401443;S
20240426;100701;1238.2;10;10212401444;S
20240426;100701;1238.2;10;10212401445;S
20240426;100701;1238.2;1;10212401446;S
20240426;100701;1238.2;13;10212401447;S
20240426;100701;1238.2;3;10212401448;S
20240426;100701;1238.2;30;10212401449;S
20240426;100702;1238.4;5;10212401706;B
20240426;100705;1238.4;16;10212402141;B
20240426;100705;1238.2;580;10212402158;S
20240426;100705;1238.2;1;10212402159;S
20240426;100705;1238.2;2;10212402160;S
20240426;100705;1238.2;80;10212402161;S
20240426;100705;1238.2;1;10212402162;S
20240426;100705;1238.2;4;10212402163;S
20240426;100705;1238;298;10212402164;S
20240426;100705;1238;1;10212402165;S
20240426;100705;1238;13;10212402166;S
20240426;100705;1238;1;10212402167;S
20240426;100705;1238;1;10212402168;S
20240426;100705;1238;1;10212402169;S
20240426;100705;1238;1;10212402170;S
20240426;100705;1238;1;10212402171;S
20240426;100705;1238;1;10212402172;S
20240426;100705;1238;1;10212402173;S
20240426;100705;1238;2;10212402174;S
20240426;100705;1238;10;10212402175;S
20240426;100705;1238;1;10212402176;S
20240426;100705;1238;2;10212402177;S
20240426;100705;1238;20;10212402178;S
20240426;100705;1238;7;10212402179;S
20240426;100705;1238;1;10212402180;S
20240426;100705;1238;50;10212402181;S
20240426;100705;1238;9;10212402182;S
20240426;100705;1238;3;10212402183;S
20240426;100705;1238;1;10212402184;S
20240426;100705;1238;1;10212402185;S
20240426;100705;1238;1;10212402186;S
20240426;100705;1238;2;10212402187;S
20240426;100705;1238;2;10212402188;S
20240426;100705;1238;1;10212402189;S
20240426;100705;1238;900;10212402190;S
20240426;100707;1238.2;1;10212402434;B
20240426;100710;1238.2;1;10212402796;B
20240426;100714;1238;10;10212403274;S
20240426;100718;1238;50;10212403961;S
20240426;100719;1238;840;10212404091;S
20240426;100719;1238;1;10212404092;S
20240426;100719;1238;2;10212404093;S
20240426;100719;1238;40;10212404094;S
20240426;100719;1238;16;10212404095;S
20240426;100719;1238;1;10212404096;S
20240426;100719;1238;1;10212404097;S
20240426;100719;1238;1;10212404098;S
20240426;100719;1238;5;10212404099;S
20240426;100719;1238;30;10212404100;S
20240426;100719;1238;5;10212404101;S
20240426;100719;1238;1;10212404102;S
20240426;100719;1238;1;10212404103;S
20240426;100719;1238;1;10212404104;S
20240426;100719;1238;9;10212404105;S
20240426;100719;1238;35;10212404106;S
20240426;100719;1238;1;10212404107;S
20240426;100719;1238;1;10212404108;S
20240426;100719;1238;1;10212404109;S
20240426;100719;1238;1;10212404110;S
20240426;100719;1238;5;10212404111;S
20240426;100719;1238;1;10212404112;S
20240426;100719;1238;1;10212404113;S
20240426;100719;1238;5;10212404114;S
20240426;100719;1238;1;10212404115;S
20240426;100719;1238;20;10212404116;S
20240426;100719;1238;1;10212404117;S
20240426;100719;1238;3;10212404118;S
20240426;100719;1238;100;10212404119;S
20240426;100719;1238;3;10212404120;S
20240426;100719;1238;1;10212404121;S
20240426;100719;1238;1;10212404122;S
20240426;100719;1238;2;10212404123;S
20240426;100719;1238;1;10212404124;S
20240426;100719;1238;1;10212404125;S
20240426;100719;1238;25;10212404126;S
20240426;100719;1238;5;10212404127;S
20240426;100719;1238;2;10212404128;S
20240426;100719;1238;1;10212404129;S
20240426;100719;1238;5;10212404130;S
20240426;100719;1238;1;10212404131;S
20240426;100719;1238;20;10212404132;S
20240426;100719;1238;10;10212404133;S
20240426;100719;1238;1;10212404134;S
20240426;100719;1238;2;10212404135;S
20240426;100719;1238;314;10212404136;S
20240426;100719;1238;67;10212404137;S
20240426;100719;1238;119;10212404138;S
20240426;100719;1238;1;10212404139;S
20240426;100719;1238;1;10212404140;S
20240426;100719;1238;1;10212404141;S
20240426;100719;1238;1;10212404142;S
20240426;100719;1238;2;10212404143;S
20240426;100719;1238;17;10212404144;S
20240426;100719;1238;20;10212404145;S
20240426;100719;1238;1;10212404146;S
20240426;100719;1238;1;10212404147;S
20240426;100719;1238;1;10212404148;S
20240426;100719;1238;20;10212404149;S
20240426;100719;1238;50;10212404150;S
20240426;100719;1238;1;10212404151;S
20240426;100719;1238;100;10212404152;S
20240426;100719;1238;1;10212404153;S
20240426;100719;1238;14;10212404154;S
20240426;100719;1237.8;2;10212404156;S
20240426;100719;1237.8;5;10212404157;S
20240426;100719;1237.8;12;10212404158;S
20240426;100719;1237.8;1;10212404159;S
20240426;100719;1237.8;5;10212404160;S
20240426;100719;1237.8;1;10212404161;S
20240426;100719;1237.8;30;10212404162;S
20240426;100719;1237.8;1;10212404163;S
20240426;100719;1237.8;1;10212404164;S
20240426;100719;1237.6;2;10212404165;S
20240426;100719;1237.6;1;10212404166;S
20240426;100719;1237.6;1;10212404167;S
20240426;100719;1237.6;1;10212404168;S
20240426;100719;1237.6;7;10212404169;S
20240426;100719;1237.6;2;10212404170;S
20240426;100719;1237.6;1;10212404171;S
20240426;100719;1237.6;1;10212404172;S
20240426;100719;1237.6;1;10212404173;S
20240426;100719;1237.6;1;10212404174;S
20240426;100719;1237.6;5;10212404175;S
20240426;100719;1237.6;5;10212404176;S
20240426;100719;1237.6;1;10212404177;S
20240426;100719;1237.6;2;10212404178;S
20240426;100719;1237.4;1;10212404181;S
20240426;100719;1237.4;1;10212404182;S
20240426;100719;1237.4;1;10212404183;S
20240426;100719;1237.4;5;10212404184;S
20240426;100719;1237.4;1;10212404185;S
20240426;100719;1237.4;10;10212404186;S
20240426;100719;1237.4;1;10212404187;S
20240426;100719;1237.4;3;10212404188;S
20240426;100719;1237.4;10;10212404189;S
20240426;100719;1237.4;1;10212404190;S
20240426;100720;1237.4;1;10212404219;B
20240426;100720;1237.4;1;10212404246;B
20240426;100720;1237.2;1;10212404257;S
20240426;100720;1237.4;5;10212404273;B
20240426;100720;1237.4;1;10212404274;B
20240426;100720;1237.2;2;10212404276;S
20240426;100720;1237.2;1;10212404277;S
20240426;100720;1237.2;1;10212404278;S
20240426;100720;1237.2;2;10212404279;S
20240426;100720;1237.2;1;10212404280;S
20240426;100720;1237.2;2;10212404281;S
20240426;100720;1237.2;1;10212404282;S
20240426;100720;1237.2;1;10212404284;S
20240426;100720;1237.2;1;10212404285;S
20240426;100720;1237.2;5;10212404286;S
20240426;100720;1237.2;2;10212404287;S
20240426;100720;1237.2;1;10212404288;S
20240426;100720;1237.2;1;10212404289;S
20240426;100720;1237.2;1;10212404290;S
20240426;100720;1237.2;1;10212404292;S
20240426;100720;1237.2;3;10212404293;S
20240426;100720;1237.2;1;10212404294;S
20240426;100720;1237.2;100;10212404295;S
20240426;100720;1237.2;100;10212404296;S
20240426;100720;1237;5;10212404297;S
20240426;100720;1237;5;10212404298;S
20240426;100720;1237;2;10212404299;S
20240426;100720;1237;10;10212404300;S
20240426;100720;1237;1;10212404301;S
20240426;100720;1237;2;10212404302;S
20240426;100720;1237;1;10212404303;S
20240426;100720;1237;1;10212404304;S
20240426;100720;1237;1;10212404305;S
20240426;100720;1237;1;10212404306;S
20240426;100720;1237;1;10212404307;S
20240426;100720;1237;10;10212404308;S
20240426;100720;1237;1;10212404309;S
20240426;100720;1237;1;10212404310;S
20240426;100720;1237;1;10212404311;S
20240426;100720;1237;10;10212404312;S
20240426;100720;1237;2;10212404313;S
20240426;100720;1237;2;10212404314;S
20240426;100720;1237;100;10212404315;S
20240426;100720;1237;2;10212404316;S
20240426;100720;1237;14;10212404317;S
20240426;100720;1237;1;10212404318;S
20240426;100720;1237;9;10212404319;S
20240426;100720;1237;4;10212404320;S
20240426;100720;1237;1;10212404321;S
20240426;100720;1237;1;10212404322;S
20240426;100720;1237;3;10212404323;S
20240426;100720;1237;1;10212404324;S
20240426;100720;1237;2;10212404325;S
20240426;100720;1237;1;10212404326;S
20240426;100720;1237;767;10212404327;S
20240426;100720;1237;14;10212404329;S
20240426;100720;1237;5;10212404330;S
20240426;100720;1237.2;2;10212404340;B
20240426;100720;1237.2;1;10212404350;B
20240426;100721;1237.2;3;10212404400;B
20240426;100721;1237.2;1;10212404401;B
20240426;100721;1237;13;10212404402;S
20240426;100721;1237.2;35;10212404422;B
20240426;100721;1237.2;1;10212404423;B
20240426;100721;1237.2;1;10212404424;B
20240426;100721;1237.2;1;10212404425;B
20240426;100721;1237;2;10212404426;S
20240426;100721;1237.2;1;10212404427;B
20240426;100721;1237.2;1;10212404428;B
20240426;100721;1237;148;10212404437;S
20240426;100721;1237;200;10212404442;S
20240426;100721;1237.2;1;10212404443;B
20240426;100721;1237.2;2;10212404444;B
20240426;100721;1237.2;2;10212404445;B
20240426;100721;1237;10;10212404446;S
20240426;100721;1237;70;10212404448;S
20240426;100721;1237;400;10212404453;S
20240426;100721;1237;1;10212404457;S
20240426;100721;1237.2;1;10212404462;B
20240426;100721;1237;40;10212404499;S
20240426;100722;1237.2;1;10212404531;B
20240426;100722;1237;8;10212404537;S
20240426;100722;1237.2;1;10212404561;B
20240426;100722;1237;120;10212404587;S
20240426;100722;1237;40;10212404588;S
20240426;100723;1237.2;1;10212404788;B
20240426;100724;1237.2;10;10212404811;B
20240426;100724;1237.2;1;10212404878;B
20240426;100724;1237.2;1;10212404919;B
20240426;100726;1237;10;10212405114;S
20240426;100726;1237;20;10212405124;S
20240426;100726;1237;2;10212405126;S
20240426;100726;1237;10;10212405180;S
20240426;100727;1237.2;5;10212405257;B
20240426;100727;1237;10;10212405292;S
20240426;100728;1237;1;10212405314;S
20240426;100728;1237;3;10212405326;S
20240426;100728;1237.2;1;10212405384;B
20240426;100729;1237.2;1;10212405413;B
20240426;100730;1237.2;8;10212405637;B
20240426;100730;1237.2;5;10212405639;B
20240426;100731;1237.2;1;10212405685;B
20240426;100731;1237;100;10212405722;S
20240426;100731;1237;20;10212405723;S
20240426;100732;1237;2;10212405882;S
20240426;100732;1237;62;10212405918;S
20240426;100733;1237.2;56;10212405997;B
20240426;100733;1237.4;6;10212405998;B
20240426;100733;1237.4;1;10212405999;B
20240426;100733;1237.4;61;10212406000;B
20240426;100733;1237.6;13;10212406001;B
20240426;100733;1237.6;60;10212406002;B
20240426;100733;1237.6;1;10212406003;B
20240426;100733;1237.6;97;10212406004;B
20240426;100733;1237.8;5;10212406005;B
20240426;100733;1237.4;1;10212406032;B
20240426;100733;1237.4;1;10212406065;B
20240426;100733;1237.4;1;10212406084;B
20240426;100734;1237.2;13;10212406196;S
20240426;100734;1237;6;10212406197;S
20240426;100734;1237;1;10212406198;S
20240426;100734;1237;2;10212406199;S
20240426;100734;1237;1;10212406200;S
20240426;100734;1237;1;10212406201;S
20240426;100734;1237;1;10212406202;S
20240426;100734;1237;1;10212406203;S
20240426;100734;1237;1;10212406204;S
20240426;100734;1237;20;10212406205;S
20240426;100734;1237;1;10212406206;S
20240426;100734;1237;1;10212406207;S
20240426;100734;1237;2;10212406208;S
20240426;100734;1237;1;10212406209;S
20240426;100734;1237;100;10212406210;S
20240426;100734;1237;1;10212406211;S
20240426;100734;1237;45;10212406212;S
20240426;100734;1237;2;10212406213;S
20240426;100734;1237;5;10212406214;S
20240426;100734;1237;1;10212406215;S
20240426;100734;1237;3;10212406216;S
20240426;100734;1237;1;10212406217;S
20240426;100734;1237;20;10212406218;S
20240426;100735;1237;146;10212406287;S
20240426;100739;1237.2;1;10212406959;B
20240426;100739;1237;6;10212407012;S
20240426;100741;1237;500;10212407251;S
20240426;100741;1237.2;2;10212407267;B
20240426;100742;1237.2;1;10212407539;B
20240426;100742;1237.2;1;10212407572;B
20240426;100742;1237.2;5;10212407574;B
20240426;100743;1237;200;10212407613;S
20240426;100748;1237;32;10212408256;S
20240426;100749;1237;60;10212408441;S
20240426;100750;1237.2;2;10212408538;B
20240426;100750;1237.2;1;10212408560;B
20240426;100751;1237.2;1;10212408604;B
20240426;100752;1237;200;10212408689;S
20240426;100752;1237.2;1;10212408704;B
20240426;100752;1237.2;5;10212408752;B
20240426;100752;1237;456;10212408802;S
20240426;100752;1237;3;10212408803;S
20240426;100752;1237;1;10212408804;S
20240426;100752;1237;1;10212408805;S
20240426;100752;1237;10;10212408806;S
20240426;100752;1237;25;10212408807;S
20240426;100752;1237;3;10212408808;S
20240426;100752;1237;1;10212408809;S
20240426;100752;1237;1;10212408810;S
20240426;100752;1237;1;10212408811;S
20240426;100752;1237;3;10212408812;S
20240426;100752;1237;20;10212408813;S
20240426;100752;1237;1;10212408814;S
20240426;100752;1237;29;10212408815;S
20240426;100753;1237;2;10212408938;S
20240426;100753;1237;1;10212408939;S
20240426;100753;1237;1;10212408940;S
20240426;100753;1237;1;10212408941;S
20240426;100753;1237;1;10212408942;S
20240426;100753;1237;6;10212408943;S
20240426;100753;1237;100;10212408944;S
20240426;100753;1237;1;10212408945;S
20240426;100753;1237;1;10212408946;S
20240426;100753;1237;5;10212408947;S
20240426;100753;1237;11;10212408948;S
20240426;100753;1237;49;10212408987;S
20240426;100755;1237.2;77;10212409197;B
20240426;100755;1237.2;10;10212409198;B
20240426;100755;1237.2;13;10212409199;B
20240426;100755;1237.2;100;10212409200;B
20240426;100755;1237.2;3;10212409240;B
20240426;100756;1237.2;1;10212409428;B
20240426;100756;1237.2;46;10212409465;B
20240426;100757;1237;1;10212409594;S
20240426;100757;1237;1;10212409595;S
20240426;100757;1237;2;10212409596;S
20240426;100757;1237;3;10212409597;S
20240426;100759;1237.2;1;10212409990;B
20240426;100800;1237.2;2;10212410056;B
20240426;100800;1237.2;50;10212410121;B
20240426;100801;1237.2;1;10212410221;B
20240426;100802;1237;50;10212410333;S
20240426;100802;1237;44;10212410361;S
20240426;100803;1237.2;1;10212410483;B
20240426;100803;1237;20;10212410490;S
20240426;100804;1237;1;10212410610;S
20240426;100804;1237;1;10212410611;S
20240426;100804;1237;20;10212410612;S
20240426;100804;1237;3;10212410613;S
20240426;100804;1237.2;10;10212410616;B
20240426;100804;1237;7;10212410619;S
20240426;100804;1237;1;10212410620;S
20240426;100804;1237;47;10212410621;S
20240426;100805;1237;16;10212410749;B
20240426;100806;1237;5;10212410899;B
20240426;100807;1237;3;10212410957;B
20240426;100807;1237;118;10212411004;B
20240426;100807;1237;63;10212411005;B
20240426;100807;1237;97;10212411006;B
20240426;100807;1237.2;2;10212411048;B
20240426;100807;1237.2;8;10212411049;B
20240426;100807;1237.2;2;10212411072;B
20240426;100809;1237.2;90;10212411222;B
20240426;100809;1237.4;13;10212411223;B
20240426;100809;1237.4;63;10212411224;B
20240426;100809;1237.4;145;10212411225;B
20240426;100809;1237.6;134;10212411226;B
20240426;100809;1237.6;55;10212411227;B
20240426;100809;1237.4;40;10212411281;S
20240426;100810;1237.8;1;10212411416;B
20240426;100810;1237.8;1;10212411430;B
20240426;100812;1237.4;10;10212411626;S
20240426;100814;1237.8;1;10212411792;B
20240426;100816;1237.8;1;10212412031;B
20240426;100818;1237.8;1;10212412288;B
20240426;100822;1237.8;1;10212412750;B
20240426;100826;1237.8;5;10212413191;B
20240426;100826;1237.8;1;10212413206;B
20240426;100826;1237.6;32;10212413275;S
20240426;100827;1237.8;6;10212413384;B
20240426;100829;1237.8;1;10212413538;B
20240426;100830;1237.8;10;10212413668;B
20240426;100830;1237.8;5;10212413683;B
20240426;100831;1237.8;1;10212413771;B
20240426;100836;1237.8;1;10212414268;B
20240426;100837;1237.8;39;10212414465;B
20240426;100837;1237.8;74;10212414466;B
20240426;100837;1237.8;10;10212414467;B
20240426;100837;1237.8;10;10212414468;B
20240426;100837;1237.8;10;10212414469;B
20240426;100837;1237.8;5;10212414470;B
20240426;100837;1237.8;1;10212414471;B
20240426;100838;1237.6;25;10212414665;S
20240426;100841;1237.8;29;10212415084;B
20240426;100841;1237.8;71;10212415085;B
20240426;100841;1237.8;9;10212415088;B
20240426;100841;1237.8;91;10212415089;B
20240426;100841;1237.8;54;10212415091;B
20240426;100841;1237.8;46;10212415092;B
20240426;100841;1237.8;100;10212415094;B
20240426;100841;1237.8;100;10212415095;B
20240426;100841;1237.8;100;10212415096;B
20240426;100841;1237.8;100;10212415097;B
20240426;100841;1237.8;100;10212415098;B
20240426;100841;1237.8;100;10212415099;B
20240426;100841;1237.8;100;10212415100;B
20240426;100842;1237.6;20;10212415232;S
20240426;100842;1237.6;5;10212415233;S
20240426;100842;1237.6;100;10212415234;S
20240426;100842;1237.6;10;10212415235;S
20240426;100842;1237.6;10;10212415236;S
20240426;100842;1237.6;2;10212415237;S
20240426;100842;1237.6;60;10212415238;S
20240426;100842;1237.6;100;10212415239;S
20240426;100842;1237.6;97;10212415240;S
20240426;100842;1237.4;13;10212415241;S
20240426;100842;1237.4;9;10212415242;S
20240426;100842;1237.4;10;10212415243;S
20240426;100842;1237.4;1;10212415244;S
20240426;100842;1237.2;25;10212415245;S
20240426;100842;1237.2;2;10212415246;S
20240426;100842;1237.2;5;10212415247;S
20240426;100842;1237.2;162;10212415248;S
20240426;100842;1237;1;10212415249;S
20240426;100842;1237;50;10212415250;S
20240426;100842;1237;8;10212415251;S
20240426;100842;1237;7;10212415252;S
20240426;100842;1237;5;10212415253;S
20240426;100842;1237;20;10212415254;S
20240426;100842;1237;1;10212415255;S
20240426;100842;1237;1;10212415256;S
20240426;100842;1237;1;10212415257;S
20240426;100842;1237;47;10212415258;S
20240426;100842;1237;1;10212415259;S
20240426;100842;1237;200;10212415260;S
20240426;100842;1237;20;10212415261;S
20240426;100842;1237;300;10212415262;S
20240426;100842;1237;60;10212415263;S
20240426;100842;1237;300;10212415264;S
20240426;100842;1236.8;15;10212415265;S
20240426;100842;1236.8;5;10212415266;S
20240426;100842;1236.8;1;10212415267;S
20240426;100842;1236.8;1;10212415268;S
20240426;100842;1236.8;50;10212415269;S
20240426;100842;1236.8;1;10212415270;S
20240426;100842;1236.8;1;10212415271;S
20240426;100842;1236.8;10;10212415272;S
20240426;100842;1236.8;1;10212415273;S
20240426;100842;1236.8;20;10212415274;S
20240426;100842;1236.8;5;10212415275;S
20240426;100842;1236.8;96;10212415276;S
20240426;100842;1236.6;1;10212415277;S
20240426;100842;1236.6;1;10212415278;S
20240426;100842;1236.6;2;10212415279;S
20240426;100842;1236.6;6;10212415280;S
20240426;100842;1236.6;20;10212415281;S
20240426;100842;1236.6;25;10212415282;S
20240426;100842;1236.6;5;10212415283;S
20240426;100842;1236.6;81;10212415284;S
20240426;100842;1237.6;2;10212415294;B
20240426;100842;1237.4;100;10212415307;S
20240426;100842;1237;20;10212415308;S
20240426;100842;1237.4;10;10212415357;S
20240426;100842;1237.2;40;10212415358;S
20240426;100842;1237.6;69;10212415369;B
20240426;100842;1237.6;13;10212415370;B
20240426;100842;1237.6;40;10212415371;B
20240426;100843;1237.6;1;10212415393;B
20240426;100843;1237.6;1;10212415417;B
20240426;100844;1237.6;1;10212415509;B
20240426;100844;1237.6;17;10212415555;B
20240426;100844;1237.6;2;10212415556;B
20240426;100844;1237.6;54;10212415557;B
20240426;100845;1237.6;1;10212415706;B
20240426;100849;1237.6;3;10212416063;B
20240426;100849;1237.6;61;10212416064;B
20240426;100849;1237.6;35;10212416065;B
20240426;100849;1237.6;1;10212416066;B
20240426;100849;1237.6;2;10212416092;B
20240426;100849;1237.6;2;10212416094;B
20240426;100851;1237.8;5;10212416321;B
20240426;100852;1237.6;10;10212416367;S
20240426;100852;1237.8;12;10212416390;B
20240426;100853;1237.8;1;10212416510;B
20240426;100856;1237.8;2;10212416729;B
20240426;100858;1237.8;4;10212416970;B
20240426;100905;1237.8;21;10212417729;B
20240426;100907;1237.8;2;10212417931;B
20240426;100910;1237.8;1;10212418238;B
20240426;100910;1237.8;10;10212418299;B
20240426;100913;1237.8;1;10212418622;B
20240426;100914;1237.8;3;10212418745;B
20240426;100917;1237.8;120;10212419113;B
20240426;100920;1237.8;7;10212419367;B
20240426;100920;1237.6;12;10212419385;S
20240426;100921;1237.8;4;10212419427;B
20240426;100924;1237.8;5;10212419661;B
20240426;100924;1237.8;1;10212419681;B
20240426;100929;1237.8;1;10212420102;B
20240426;100933;1237.8;1;10212420633;B
20240426;100938;1237.8;10;10212421236;B
20240426;100939;1237.8;10;10212421340;B
20240426;100940;1237.6;5;10212421408;S
20240426;100940;1237.6;1;10212421449;S
20240426;100941;1237.6;1;10212421490;S
20240426;100941;1237.6;4;10212421491;S
20240426;100941;1237.6;56;10212421504;S
20240426;100941;1237.6;144;10212421505;S
20240426;100942;1237.8;1;10212421616;B
20240426;100944;1237.8;5;10212421809;B
20240426;100946;1237.8;50;10212421911;B
20240426;100947;1237.8;1;10212422072;B
20240426;100947;1237.8;12;10212422108;B
20240426;100948;1237.8;1;10212422128;B
20240426;100950;1237.8;10;10212422445;B
20240426;100951;1237.8;12;10212422451;B
20240426;100951;1237.8;1;10212422516;B
20240426;100952;1237.8;7;10212422626;B
20240426;100952;1237.6;356;10212422682;S
20240426;100952;1237.6;97;10212422683;S
20240426;100952;1237.6;18;10212422684;S
20240426;100952;1237.6;29;10212422685;S
20240426;100957;1237.8;125;10212423126;B
20240426;100958;1237.8;1;10212423257;B
20240426;100959;1237.8;1;10212423269;B
20240426;100959;1237.8;2;10212423351;B
20240426;101000;1237.8;2;10212423391;B
20240426;101000;1237.6;2;10212423409;S
20240426;101000;1237.6;5;10212423410;S
20240426;101000;1237.6;100;10212423411;S
20240426;101000;1237.6;1;10212423412;S
20240426;101000;1237.6;2;10212423413;S
20240426;101000;1237.6;11;10212423414;S
20240426;101000;1237.6;3;10212423415;S
20240426;101000;1237.6;1;10212423416;S
20240426;101000;1237.6;4;10212423417;S
20240426;101000;1237.6;1;10212423418;S
20240426;101000;1237.6;100;10212423419;S
20240426;101000;1237.6;60;10212423420;S
20240426;101000;1237.6;30;10212423421;S
20240426;101000;1237.6;97;10212423422;S
20240426;101000;1237.6;23;10212423423;S
20240426;101002;1237.6;3;10212423561;B
20240426;101004;1237.6;50;10212423851;B
20240426;101007;1237.4;13;10212424119;S
20240426;101007;1237.4;5;10212424120;S
20240426;101007;1237.4;2;10212424121;S
20240426;101009;1237.6;3;10212424276;B
20240426;101009;1237.4;3;10212424279;S
20240426;101009;1237.4;6;10212424280;S
20240426;101009;1237.6;2;10212424335;B
20240426;101011;1237.6;2;10212424508;B
20240426;101012;1237.6;10;10212424686;B
20240426;101013;1237.6;42;10212424710;B
20240426;101013;1237.4;4;10212424737;S
20240426;101013;1237.4;28;10212424738;S
20240426;101014;1237.6;23;10212424818;B
20240426;101016;1237.6;5;10212424965;B
20240426;101016;1237.6;1;10212425025;B
20240426;101017;1237.6;14;10212425171;B
20240426;101019;1237.6;1;10212425404;B
20240426;101019;1237.6;1;10212425405;B
20240426;101022;1237.6;2;10212425698;B
20240426;101023;1237.6;1;10212425744;B
20240426;101026;1237.6;1;10212426072;B
20240426;101026;1237.6;3;10212426098;S
20240426;101028;1237.6;16;10212426269;S
20240426;101028;1237.6;60;10212426270;S
20240426;101028;1237.6;97;10212426271;S
20240426;101028;1237.6;215;10212426272;S
20240426;101028;1237.4;72;10212426273;S
20240426;101028;1237.4;10;10212426274;S
20240426;101028;1237.4;100;10212426275;S
20240426;101028;1237.4;1;10212426276;S
20240426;101028;1237.4;1;10212426277;S
20240426;101028;1237.4;59;10212426278;S
20240426;101028;1237.2;1;10212426279;S
20240426;101028;1237.2;2;10212426280;S
20240426;101028;1237.2;1;10212426281;S
20240426;101028;1237.2;30;10212426282;S
20240426;101028;1237.2;8;10212426283;S
20240426;101028;1237.2;200;10212426284;S
20240426;101028;1237.2;1;10212426285;S
20240426;101028;1237.2;2;10212426286;S
20240426;101028;1237.2;162;10212426287;S
20240426;101028;1237;1;10212426288;S
20240426;101028;1237;1;10212426289;S
20240426;101028;1237;10;10212426290;S
20240426;101028;1237;1;10212426291;S
20240426;101028;1237;2;10212426292;S
20240426;101028;1237;100;10212426293;S
20240426;101028;1237;30;10212426294;S
20240426;101028;1237;1;10212426295;S
20240426;101028;1237;2;10212426296;S
20240426;101028;1237;10;10212426297;S
20240426;101028;1237;30;10212426298;S
20240426;101028;1237;1;10212426299;S
20240426;101028;1237;8;10212426300;S
20240426;101028;1237;1;10212426301;S
20240426;101028;1237;1;10212426302;S
20240426;101028;1237;10;10212426303;S
20240426;101028;1237;1;10212426304;S
20240426;101028;1237;81;10212426305;S
20240426;101028;1237;80;10212426306;S
20240426;101028;1236.8;100;10212426307;S
20240426;101028;1236.8;1;10212426308;S
20240426;101028;1236.8;1;10212426309;S
20240426;101028;1236.8;2;10212426310;S
20240426;101028;1236.8;50;10212426311;S
20240426;101028;1236.8;80;10212426312;S
20240426;101028;1236.8;10;10212426313;S
20240426;101028;1236.8;13;10212426314;S
20240426;101028;1236.8;145;10212426315;S
20240426;101028;1236.8;216;10212426316;S
20240426;101028;1236.6;19;10212426317;S
20240426;101028;1236.6;80;10212426318;S
20240426;101028;1236.6;1;10212426319;S
20240426;101028;1236.6;1;10212426320;S
20240426;101028;1236.6;2;10212426321;S
20240426;101028;1236.6;3;10212426322;S
20240426;101028;1236.6;10;10212426323;S
20240426;101028;1236.6;1;10212426324;S
20240426;101028;1236.6;25;10212426325;S
20240426;101028;1236.6;1;10212426326;S
20240426;101028;1236.6;1;10212426327;S
20240426;101028;1236.6;7;10212426328;S
20240426;101028;1236.6;600;10212426329;S
20240426;101028;1236.4;1;10212426330;S
20240426;101028;1236.4;1;10212426331;S
20240426;101028;1236.4;1;10212426332;S
20240426;101028;1236.4;3;10212426333;S
20240426;101028;1236.4;1;10212426334;S
20240426;101028;1236.4;2;10212426335;S
20240426;101028;1236.4;1;10212426336;S
20240426;101028;1236.4;2;10212426337;S
20240426;101028;1236.4;10;10212426338;S
20240426;101028;1236.4;5;10212426339;S
20240426;101028;1236.4;1;10212426340;S
20240426;101028;1236.4;1;10212426341;S
20240426;101028;1236.4;1;10212426342;S
20240426;101028;1236.4;1;10212426343;S
20240426;101028;1236.4;1;10212426344;S
20240426;101028;1236.4;5;10212426345;S
20240426;101028;1236.4;1;10212426346;S
20240426;101028;1236.4;100;10212426347;S
20240426;101028;1236.4;450;10212426348;S
20240426;101028;1236.4;1;10212426349;S
20240426;101028;1236.4;20;10212426350;S
20240426;101028;1236.4;50;10212426351;S
20240426;101028;1236.4;5;10212426352;S
20240426;101028;1236.4;1;10212426353;S
20240426;101028;1236.4;5;10212426354;S
20240426;101028;1236.4;5;10212426355;S
20240426;101028;1236.4;4;10212426356;S
20240426;101028;1236.4;10;10212426357;S
20240426;101028;1236.2;1;10212426358;S
20240426;101028;1236.2;2;10212426359;S
20240426;101028;1236.2;1;10212426360;S
20240426;101028;1236.2;1;10212426361;S
20240426;101028;1236.2;1;10212426362;S
20240426;101028;1236.2;10;10212426363;S
20240426;101028;1236.2;1;10212426364;S
20240426;101028;1236.2;3;10212426365;S
20240426;101028;1236.2;1;10212426366;S
20240426;101028;1236.2;2;10212426367;S
20240426;101028;1236.2;50;10212426368;S
20240426;101028;1236.2;10;10212426369;S
20240426;101028;1236.2;1;10212426370;S
20240426;101028;1236.2;10;10212426371;S
20240426;101028;1236.2;3;10212426372;S
20240426;101028;1236.2;2;10212426373;S
20240426;101028;1236.2;10;10212426374;S
20240426;101028;1236.2;1;10212426375;S
20240426;101028;1236.2;360;10212426376;S
20240426;101028;1236.2;1;10212426377;S
20240426;101028;1236.2;1000;10212426378;S
20240426;101028;1236.2;10;10212426379;S
20240426;101028;1236.2;1;10212426380;S
20240426;101028;1236.2;1;10212426381;S
20240426;101028;1236.2;70;10212426382;S
20240426;101028;1236.2;5;10212426383;S
20240426;101028;1236.2;300;10212426384;S
20240426;101028;1236.2;600;10212426385;S
20240426;101028;1236.2;1;10212426386;S
20240426;101028;1236.2;44;10212426387;S
20240426;101028;1236.2;600;10212426388;S
20240426;101028;1236;1;10212426389;S
20240426;101028;1236;1;10212426390;S
20240426;101028;1236;50;10212426391;S
20240426;101028;1236;2;10212426392;S
20240426;101028;1236;20;10212426393;S
20240426;101028;1236;1;10212426394;S
20240426;101028;1236;1;10212426395;S
20240426;101028;1236;1;10212426396;S
20240426;101028;1236;15;10212426397;S
20240426;101028;1236;1;10212426398;S
20240426;101028;1236;5;10212426399;S
20240426;101028;1236;1;10212426400;S
20240426;101028;1236;12;10212426401;S
20240426;101028;1236;6;10212426402;S
20240426;101028;1236;25;10212426403;S
20240426;101028;1236;5;10212426404;S
20240426;101028;1236;1;10212426405;S
20240426;101028;1236;1;10212426406;S
20240426;101028;1236;10;10212426407;S
20240426;101028;1236;2;10212426408;S
20240426;101028;1236;3;10212426409;S
20240426;101028;1236;3;10212426410;S
20240426;101028;1236;2;10212426411;S
20240426;101028;1236;2700;10212426412;S
20240426;101028;1236;12;10212426413;S
20240426;101028;1236;4;10212426414;S
20240426;101028;1236;1;10212426415;S
20240426;101028;1236;1;10212426416;S
20240426;101028;1236;120;10212426417;S
20240426;101028;1236;2;10212426418;S
20240426;101028;1236;1;10212426419;S
20240426;101028;1236;1;10212426420;S
20240426;101028;1236;1;10212426421;S
20240426;101028;1236;418;10212426422;S
20240426;101028;1236.2;1;10212426423;S
20240426;101029;1236.8;9;10212426435;B
20240426;101029;1237;5;10212426437;B
20240426;101029;1237;2;10212426448;B
20240426;101029;1236.6;1;10212426449;S
20240426;101029;1236.4;97;10212426450;S
20240426;101029;1236.4;2;10212426451;S
20240426;101029;1236.4;3;10212426452;S
20240426;101029;1237;6;10212426460;B
20240426;101029;1237;3;10212426461;B
20240426;101029;1236.8;1;10212426462;B
20240426;101029;1236.8;12;10212426468;B
20240426;101029;1237;597;10212426469;B
20240426;101029;1237.2;145;10212426470;B
20240426;101029;1237.2;67;10212426471;B
20240426;101029;1237.4;80;10212426472;B
20240426;101029;1237.4;60;10212426473;B
20240426;101029;1237.6;18;10212426483;B
20240426;101029;1237.8;82;10212426484;B
20240426;101029;1237.4;14;10212426485;S
20240426;101029;1237.6;97;10212426506;S
20240426;101029;1237.6;60;10212426507;S
20240426;101029;1237.6;162;10212426508;S
20240426;101029;1237.4;381;10212426509;S
20240426;101032;1237.8;958;10212426731;B
20240426;101032;1237.8;150;10212426732;B
20240426;101032;1237.8;90;10212426733;B
20240426;101032;1237.8;115;10212426734;B
20240426;101032;1237.8;59;10212426735;B
20240426;101032;1238;20;10212426736;B
20240426;101032;1238;5;10212426737;B
20240426;101032;1238;12;10212426738;B
20240426;101032;1238;20;10212426739;B
20240426;101032;1238;3;10212426740;B
20240426;101032;1238;500;10212426741;B
20240426;101032;1238.2;4;10212426769;B
20240426;101033;1238.4;160;10212426803;B
20240426;101033;1238.4;145;10212426804;B
20240426;101033;1238.6;157;10212426807;B
20240426;101033;1238.6;100;10212426808;B
20240426;101033;1238.6;50;10212426809;B
20240426;101033;1238.6;230;10212426810;B
20240426;101033;1238.6;216;10212426811;B
20240426;101033;1238.6;1;10212426834;B
20240426;101033;1238.6;6;10212426865;B
20240426;101035;1238.6;1;10212427003;B
20240426;101035;1238;4;10212427009;S
20240426;101035;1238;60;10212427010;S
20240426;101035;1238;1;10212427011;S
20240426;101035;1238;2;10212427012;S
20240426;101035;1237.8;13;10212427013;S
20240426;101035;1237.8;117;10212427014;S
20240426;101035;1237.8;1;10212427015;S
20240426;101035;1237.8;122;10212427016;S
20240426;101037;1237.8;100;10212427231;S
20240426;101037;1238.6;13;10212427335;B
20240426;101037;1238.6;141;10212427336;B
20240426;101038;1238.6;3;10212427352;B
20240426;101038;1238;130;10212427376;S
20240426;101041;1238.4;4;10212427780;B
20240426;101043;1238.4;9;10212427973;B
20240426;101045;1238.2;70;10212428220;S
20240426;101046;1238.4;1;10212428321;B
20240426;101046;1238.4;30;10212428353;B
20240426;101047;1238.4;101;10212428383;B
20240426;101047;1238.6;67;10212428384;B
20240426;101047;1238.8;6;10212428385;B
20240426;101047;1238.8;80;10212428386;B
20240426;101047;1238.8;130;10212428387;B
20240426;101047;1238.8;116;10212428388;B
20240426;101047;1238.8;12;10212428403;B
20240426;101047;1238.8;47;10212428469;B
20240426;101047;1238.8;80;10212428470;B
20240426;101047;1238.8;11;10212428471;B
20240426;101050;1238.4;3;10212428734;S
20240426;101052;1238.8;145;10212428889;B
20240426;101052;1238.8;80;10212428890;B
20240426;101052;1238.8;67;10212428891;B
20240426;101052;1239;68;10212428892;B
20240426;101052;1239;4;10212428893;B
20240426;101052;1239;24;10212428894;B
20240426;101052;1239;200;10212428895;B
20240426;101052;1239;2;10212428896;B
20240426;101052;1239;30;10212428897;B
20240426;101052;1239;80;10212428898;B
20240426;101052;1239;1000;10212428899;B
20240426;101052;1239;60;10212428900;B
20240426;101052;1239;200;10212428901;B
20240426;101052;1239.2;40;10212428902;B
20240426;101052;1238.8;162;10212428917;S
20240426;101052;1238.8;60;10212428918;S
20240426;101052;1238.8;67;10212428919;S
20240426;101052;1238.6;146;10212428920;S
20240426;101052;1238.4;13;10212428921;S
20240426;101052;1238.4;2;10212428922;S
20240426;101054;1238.6;10;10212429006;S
20240426;101054;1238.6;20;10212429007;S
20240426;101057;1238.6;85;10212429268;B
20240426;101057;1238.6;2;10212429319;B
20240426;101058;1238.6;95;10212429326;B
20240426;101058;1238.8;145;10212429331;B
20240426;101058;1238.8;2;10212429332;B
20240426;101058;1239;13;10212429359;B
20240426;101058;1239.2;384;10212429369;B
20240426;101104;1239.2;1;10212430005;B
20240426;101104;1239.2;1;10212430034;B
20240426;101105;1239.2;5;10212430053;B
20240426;101105;1239.2;69;10212430104;B
20240426;101105;1239.2;4;10212430105;B
20240426;101105;1239.2;11;10212430106;B
20240426;101109;1239.2;1;10212430475;B
20240426;101112;1239;30;10212430801;S
20240426;101112;1239;1;10212430807;S
20240426;101115;1239.2;2;10212431149;B
20240426;101115;1239.2;66;10212431203;B
20240426;101115;1239.2;1;10212431204;B
20240426;101115;1239.2;1;10212431205;B
20240426;101115;1239.2;20;10212431206;B
20240426;101115;1239.4;2;10212431207;B
20240426;101118;1239.2;1;10212431450;B
20240426;101118;1239.2;1;10212431477;B
20240426;101122;1239.4;1;10212431764;B
20240426;101122;1239.2;1;10212431780;S
20240426;101123;1239.4;1;10212431803;B
20240426;101123;1239.2;5;10212431835;S
20240426;101123;1239.4;1;10212431906;B
20240426;101124;1239.4;1;10212431983;B
20240426;101124;1239.2;35;10212432003;S
20240426;101125;1239.2;1;10212432052;S
20240426;101126;1239.4;1;10212432186;B
20240426;101126;1239.4;1;10212432189;B
20240426;101127;1239.4;6;10212432352;B
20240426;101127;1239.4;80;10212432353;B
20240426;101127;1239.4;10;10212432354;B
20240426;101127;1239.4;80;10212432355;S
20240426;101128;1239.6;43;10212432394;B
20240426;101129;1239.6;1;10212432481;B
20240426;101129;1239.6;1;10212432575;B
20240426;101132;1239.6;1;10212432811;B
20240426;101133;1239.6;212;10212432944;B
20240426;101134;1239.6;32;10212433035;B
20240426;101134;1239.6;2;10212433120;B
20240426;101136;1239.6;1;10212433252;B
20240426;101136;1239.4;60;10212433316;S
20240426;101136;1239.4;70;10212433317;S
20240426;101137;1239.6;54;10212433486;B
20240426;101137;1239.6;145;10212433487;B
20240426;101137;1239.6;2;10212433488;B
20240426;101139;1239.6;1;10212433705;B
20240426;101140;1239.6;1;10212433820;B
20240426;101143;1239.6;4;10212434014;B
20240426;101143;1239.6;20;10212434015;B
20240426;101143;1239.6;62;10212434016;B
20240426;101143;1239.6;15;10212434017;B
20240426;101143;1239.8;21;10212434047;B
20240426;101143;1239.8;1;10212434048;B
20240426;101143;1239.8;71;10212434049;B
20240426;101144;1239.6;1;10212434156;S
20240426;101144;1239.6;60;10212434157;S
20240426;101144;1239.4;39;10212434158;S
20240426;101145;1239.8;1;10212434199;B
20240426;101147;1239.8;28;10212434497;B
20240426;101147;1239.8;80;10212434498;B
20240426;101147;1239.8;78;10212434499;B
20240426;101148;1239.8;80;10212434563;B
20240426;101152;1240;192;10212435006;B
20240426;101153;1240;2;10212435017;B
20240426;101153;1240;306;10212435020;B
20240426;101153;1240;23;10212435021;B
20240426;101153;1240;42;10212435022;B
20240426;101153;1240;15;10212435023;B
20240426;101153;1240;1;10212435024;B
20240426;101153;1240;3;10212435025;B
20240426;101153;1240;1;10212435026;B
20240426;101153;1240;16;10212435027;B
20240426;101153;1240;5;10212435028;B
20240426;101153;1240;13;10212435029;B
20240426;101153;1240;1;10212435030;B
20240426;101153;1240;80;10212435031;B
20240426;101153;1240.2;4;10212435032;B
20240426;101153;1240.2;8;10212435033;B
20240426;101153;1240.2;80;10212435034;B
20240426;101153;1240.2;130;10212435035;B
20240426;101153;1240.2;61;10212435036;B
20240426;101153;1240.4;12;10212435037;B
20240426;101153;1240.4;80;10212435038;B
20240426;101153;1240.4;119;10212435039;B
20240426;101153;1240.4;1;10212435040;B
20240426;101156;1240.4;2;10212435326;B
20240426;101158;1240.4;77;10212435564;B
20240426;101158;1240.4;80;10212435565;B
20240426;101158;1240.6;19;10212435574;B
20240426;101158;1240.4;10;10212435595;S
20240426;101158;1240.6;8;10212435603;B
20240426;101159;1240.6;53;10212435629;B
20240426;101159;1240.6;67;10212435630;B
20240426;101159;1240.6;80;10212435641;B
20240426;101159;1240.8;5;10212435642;B
20240426;101159;1240.8;40;10212435643;B
20240426;101159;1240.8;80;10212435644;B
20240426;101159;1240.8;61;10212435645;B
20240426;101159;1240.8;60;10212435646;B
20240426;101159;1240.8;100;10212435647;B
20240426;101159;1241;4;10212435688;B
20240426;101159;1241;1;10212435689;B
20240426;101159;1241;1;10212435699;B
20240426;101200;1241;3;10212435744;B
20240426;101200;1241;9;10212435745;B
20240426;101200;1241;1;10212435824;B
20240426;101200;1241;30;10212435825;B
20240426;101200;1241;1;10212435826;B
20240426;101200;1241;10;10212435827;B
20240426;101200;1241;25;10212435828;B
20240426;101200;1241;10;10212435829;B
20240426;101200;1241;30;10212435830;B
20240426;101200;1241;3;10212435831;B
20240426;101202;1241;23;10212436055;B
20240426;101202;1241;42;10212436056;B
20240426;101202;1241;38;10212436077;B
20240426;101202;1241;128;10212436078;B
20240426;101204;1240.6;4;10212436241;B
20240426;101204;1240.8;1;10212436242;B
20240426;101205;1240.4;2;10212436307;S
20240426;101207;1240.4;4;10212436469;S
20240426;101207;1240.4;4;10212436495;S
20240426;101207;1240.4;6;10212436496;S
20240426;101208;1240.8;39;10212436678;B
20240426;101209;1240.4;93;10212436714;S
20240426;101209;1240.4;13;10212436715;S
20240426;101209;1240.4;1;10212436716;S
20240426;101209;1240.4;1;10212436717;S
20240426;101209;1240.4;60;10212436718;S
20240426;101209;1240.2;32;10212436719;S
20240426;101210;1240.6;3;10212436825;B
20240426;101210;1240.2;10;10212436871;S
20240426;101213;1240.4;20;10212437142;B
20240426;101217;1240.4;2;10212437593;B
20240426;101222;1240.6;10;10212438063;B
20240426;101222;1240.8;14;10212438064;B
20240426;101223;1240.8;1;10212438147;B
20240426;101223;1240.8;4;10212438148;B
20240426;101223;1240.8;138;10212438149;B
20240426;101227;1241;2;10212438683;B
20240426;101227;1241;100;10212438684;B
20240426;101227;1241.2;2;10212438687;B
20240426;101227;1241.2;1;10212438688;B
20240426;101227;1241.4;1;10212438696;B
20240426;101227;1241.4;3;10212438735;B
20240426;101227;1241.4;6;10212438736;B
20240426;101227;1241.4;18;10212438737;B
20240426;101227;1241.4;3;10212438738;B
20240426;101229;1241.6;1;10212438887;B
20240426;101229;1241.2;20;10212438974;S
20240426;101230;1241.4;1;10212439007;B
20240426;101231;1241.2;8;10212439109;S
20240426;101231;1241.2;32;10212439184;S
20240426;101231;1241;8;10212439185;S
20240426;101233;1241.4;97;10212439291;B
20240426;101233;1241.4;45;10212439292;B
20240426;101233;1241.4;4;10212439294;B
20240426;101234;1241.4;20;10212439478;B
20240426;101237;1241;2;10212439859;B
20240426;101240;1240.8;13;10212440179;S
20240426;101240;1240.8;57;10212440180;S
20240426;101240;1240.8;2;10212440181;S
20240426;101240;1240.8;80;10212440182;S
20240426;101240;1240.8;98;10212440183;S
20240426;101242;1241;2;10212440431;B
20240426;101242;1241;97;10212440432;B
20240426;101242;1241;26;10212440433;B
20240426;101244;1241;45;10212440688;B
20240426;101247;1241.2;1;10212440901;B
20240426;101247;1241.2;89;10212440938;B
20240426;101247;1241.2;13;10212440939;B
20240426;101247;1241.2;23;10212440940;B
20240426;101251;1241;5;10212441253;S
20240426;101252;1241.2;6;10212441292;B
20240426;101252;1241.2;1;10212441298;B
20240426;101252;1241.4;117;10212441327;B
20240426;101256;1241.4;5;10212441636;B
20240426;101256;1241.2;1;10212441648;S
20240426;101257;1241.4;139;10212441781;B
20240426;101302;1241.4;6;10212442257;B
20240426;101302;1241.4;155;10212442333;B
20240426;101303;1241.4;59;10212442498;B
20240426;101304;1241.4;1;10212442533;B
20240426;101307;1241.2;42;10212442942;B
20240426;101307;1241.2;57;10212442943;B
20240426;101308;1241.4;165;10212443007;B
20240426;101309;1241.2;80;10212443134;S
20240426;101313;1241.4;167;10212443570;B
20240426;101317;1241.4;168;10212443952;B
20240426;101317;1241.4;2;10212443958;B
20240426;101319;1241.4;10;10212444069;B
20240426;101320;1241.4;20;10212444165;B
20240426;101322;1241.2;1;10212444382;S
20240426;101322;1241.4;177;10212444486;B
20240426;101323;1241.4;4;10212444616;B
20240426;101325;1241.2;5;10212444961;S
20240426;101325;1241.2;95;10212444962;S
20240426;101325;1241.4;8;10212445003;B
20240426;101325;1241.4;1;10212445007;B
20240426;101326;1241.4;10;10212445010;B
20240426;101326;1241.4;20;10212445011;B
20240426;101327;1241.4;1;10212445104;B
20240426;101328;1241.4;35;10212445225;B
20240426;101328;1241.4;24;10212445226;B
20240426;101328;1241.4;4;10212445227;B
20240426;101328;1241.4;20;10212445228;B
20240426;101328;1241.4;1;10212445229;B
20240426;101328;1241.4;30;10212445230;B
20240426;101328;1241.4;65;10212445231;B
20240426;101329;1241.2;1;10212445405;S
20240426;101329;1241.2;4;10212445447;S
20240426;101329;1241.2;1;10212445448;S
20240426;101329;1241.2;5;10212445449;S
20240426;101329;1241.4;4;10212445466;B
20240426;101329;1241.2;1;10212445467;S
20240426;101329;1241.2;9;10212445468;S
20240426;101331;1241.2;5;10212445587;S
20240426;101331;1241.4;1;10212445596;B
20240426;101332;1241.4;178;10212445653;B
20240426;101336;1241.4;1;10212446022;B
20240426;101337;1241.2;1;10212446090;S
20240426;101337;1241.4;161;10212446113;B
20240426;101337;1241.4;12;10212446114;B
20240426;101338;1241.4;10;10212446184;B
20240426;101340;1241.4;9;10212446260;B
20240426;101344;1241.4;1;10212446663;B
20240426;101347;1241.2;1;10212446853;S
20240426;101347;1241.2;8;10212446862;S
20240426;101347;1241.2;48;10212446863;S
20240426;101350;1241.4;1;10212447207;B
20240426;101350;1241.4;2;10212447208;B
20240426;101350;1241.4;97;10212447209;B
20240426;101350;1241.6;4;10212447210;B
20240426;101350;1241.6;172;10212447211;B
20240426;101350;1241.6;16;10212447212;B
20240426;101350;1241.6;5;10212447213;B
20240426;101350;1241.6;60;10212447214;B
20240426;101350;1241.6;145;10212447215;B
20240426;101350;1241.6;56;10212447216;B
20240426;101351;1241.6;4;10212447309;S
20240426;101351;1241.8;21;10212447311;B
20240426;101351;1241.8;16;10212447312;B
20240426;101358;1241.8;1;10212448049;B
20240426;101358;1242;39;10212448050;B
20240426;101403;1241.8;1;10212448427;B
20240426;101403;1241.8;1;10212448464;B
20240426;101403;1241.8;1;10212448509;B
20240426;101409;1241.8;1;10212449178;B
20240426;101411;1241.8;2;10212449709;B
20240426;101417;1241.8;1;10212450235;B
20240426;101418;1241.8;94;10212450327;B
20240426;101418;1241.8;1;10212450328;B
20240426;101418;1241.8;60;10212450329;B
20240426;101422;1241.6;1;10212450690;S
20240426;101424;1241.6;1;10212450918;S
20240426;101425;1241.8;1;10212450993;B
20240426;101427;1241.6;1;10212451180;S
20240426;101427;1241.6;25;10212451264;S
20240426;101428;1241.8;1;10212451318;B
20240426;101431;1241.8;1;10212451505;B
20240426;101431;1241.8;47;10212451534;B
20240426;101431;1241.8;13;10212451535;B
20240426;101431;1241.8;10;10212451579;B
20240426;101433;1241.6;100;10212451692;S
20240426;101433;1241.8;4;10212451757;B
20240426;101433;1241.6;1160;10212451758;S
20240426;101437;1241.8;70;10212452314;B
20240426;101437;1241.8;60;10212452315;B
20240426;101437;1241.8;120;10212452316;B
20240426;101439;1241.6;20;10212452455;S
20240426;101444;1241.8;2;10212453397;B
20240426;101445;1241.8;1;10212453560;B
20240426;101446;1241.8;1;10212453741;B
20240426;101453;1241.8;15;10212454615;B
20240426;101457;1241.6;3;10212454997;S
20240426;101457;1241.8;5;10212455066;B
20240426;101459;1241.8;2;10212455177;B
20240426;101500;1241.8;1;10212455306;B
20240426;101501;1241.8;5;10212455485;B
20240426;101503;1241.8;50;10212456046;B
20240426;101504;1241.8;1;10212456349;B
20240426;101508;1241.8;8;10212457081;B
20240426;101509;1241.8;2;10212457359;B
20240426;101515;1241.8;3;10212458434;B
20240426;101517;1241.8;1;10212458732;B
20240426;101519;1241.8;3;10212459020;B
20240426;101519;1241.8;1;10212459217;B
20240426;101522;1241.6;100;10212459554;S
20240426;101523;1241.8;10;10212459811;B
20240426;101523;1241.8;8;10212459859;B
20240426;101532;1241.8;1;10212461461;B
20240426;101533;1241.8;130;10212461522;B
20240426;101533;1241.8;20;10212461523;B
20240426;101533;1241.8;10;10212461524;B
20240426;101533;1241.8;1;10212461525;B
20240426;101533;1241.8;60;10212461526;B
20240426;101533;1241.8;1;10212461527;B
20240426;101533;1241.8;10;10212461528;B
20240426;101533;1241.8;20;10212461529;B
20240426;101533;1241.8;97;10212461530;B
20240426;101533;1241.8;128;10212461531;B
20240426;101534;1241.8;1;10212461750;B
20240426;101536;1241.8;2;10212461952;B
20240426;101538;1241.8;32;10212462167;B
20240426;101538;1241.8;97;10212462168;B
20240426;101538;1241.8;60;10212462169;B
20240426;101538;1241.8;162;10212462170;B
20240426;101538;1241.8;3;10212462171;B
20240426;101538;1241.8;117;10212462177;B
20240426;101539;1241.8;5;10212462296;B
20240426;101539;1241.8;20;10212462356;B
20240426;101541;1241.8;3;10212462552;B
20240426;101542;1241.8;32;10212462677;B
20240426;101542;1241.8;11;10212462678;B
20240426;101542;1241.8;66;10212462679;B
20240426;101542;1242;258;10212462727;B
20240426;101544;1242;8;10212462904;B
20240426;101544;1241.8;7;10212462913;S
20240426;101552;1242;1;10212463885;B
20240426;101553;1242;50;10212463913;B
20240426;101555;1242;1;10212464243;B
20240426;101558;1241.8;1;10212464634;S
20240426;101558;1241.8;1;10212464635;S
20240426;101559;1241.8;161;10212464891;S
20240426;101559;1241.8;278;10212464892;S
20240426;101559;1241.8;10;10212464893;S
20240426;101559;1241.6;351;10212464894;S
20240426;101600;1242;10;10212465078;B
20240426;101604;1241.8;1;10212465578;B
20240426;101605;1241.6;5;10212465656;S
20240426;101614;1241.6;271;10212466626;S
20240426;101614;1241.6;1;10212466627;S
20240426;101614;1241.6;198;10212466628;S
20240426;101614;1241.6;1;10212466629;S
20240426;101614;1241.6;1;10212466630;S
20240426;101614;1241.6;200;10212466631;S
20240426;101614;1241.6;2;10212466632;S
20240426;101614;1241.6;117;10212466633;S
20240426;101614;1241.6;19;10212466634;S
20240426;101614;1241.6;127;10212466635;S
20240426;101618;1241.4;1;10212467140;S
20240426;101619;1241.4;10;10212467244;S
20240426;101619;1241.4;8;10212467245;S
20240426;101619;1241.4;7;10212467246;S
20240426;101627;1241.4;63;10212468207;S
20240426;101627;1241.4;37;10212468208;S
20240426;101629;1241.4;63;10212468481;S
20240426;101629;1241.4;7;10212468482;S
20240426;101629;1241.4;126;10212468483;S
20240426;101629;1241.2;10;10212468484;S
20240426;101629;1241.2;4;10212468485;S
20240426;101629;1241.2;174;10212468486;S
20240426;101629;1241.2;39;10212468487;S
20240426;101629;1241.2;55;10212468488;S
20240426;101634;1241.2;5;10212468972;B
20240426;101635;1241.2;10;10212469097;B
20240426;101637;1241.2;7;10212469288;B
20240426;101637;1241.2;60;10212469289;B
20240426;101637;1241.2;66;10212469290;B
20240426;101637;1241.2;17;10212469291;B
20240426;101642;1241;10;10212469778;S
20240426;101642;1241;50;10212469779;S
20240426;101642;1241;1;10212469780;S
20240426;101642;1241;2;10212469781;S
20240426;101642;1241;5;10212469782;S
20240426;101642;1241;1;10212469783;S
20240426;101642;1241;3;10212469784;S
20240426;101642;1241;13;10212469785;S
20240426;101642;1241;1;10212469786;S
20240426;101642;1241;32;10212469787;S
20240426;101642;1241;49;10212469792;B
20240426;101643;1241;1;10212469866;B
20240426;101649;1241;1;10212470375;B
20240426;101658;1241;1;10212471109;B
20240426;101658;1240.8;1;10212471121;S
20240426;101702;1240.8;51;10212471668;S
20240426;101703;1241;5;10212471786;B
20240426;101703;1241;2;10212471791;B
20240426;101707;1241;23;10212472136;B
20240426;101707;1241;60;10212472137;B
20240426;101707;1241;13;10212472138;B
20240426;101707;1241;20;10212472139;B
20240426;101707;1241;2;10212472140;B
20240426;101707;1241;17;10212472141;B
20240426;101707;1241;40;10212472142;B
20240426;101707;1241;60;10212472143;B
20240426;101707;1241;7;10212472144;B
20240426;101708;1241;90;10212472221;B
20240426;101709;1240.8;1;10212472385;S
20240426;101710;1240.8;31;10212472472;S
20240426;101710;1240.8;21;10212472473;S
20240426;101710;1240.6;1;10212472474;S
20240426;101710;1240.6;1;10212472475;S
20240426;101710;1240.6;2;10212472476;S
20240426;101710;1240.4;4;10212472477;S
20240426;101712;1240.4;1;10212472747;S
20240426;101713;1240.8;8;10212472863;B
20240426;101715;1240.8;2;10212472994;B
20240426;101719;1240.6;1;10212473355;B
20240426;101723;1240.6;2;10212473780;B
20240426;101726;1240.6;4;10212474004;B
20240426;101729;1240.4;2;10212474411;S
20240426;101736;1240.4;160;10212475068;S
20240426;101739;1240.6;1;10212475328;B
20240426;101740;1240.4;25;10212475440;S
20240426;101741;1240.6;1;10212475522;B
20240426;101745;1240.6;1;10212475805;B
20240426;101745;1240.6;4;10212475806;B
20240426;101745;1240.6;23;10212475834;B
20240426;101755;1240.4;70;10212476746;S
20240426;101758;1240.6;1;10212476978;B
20240426;101802;1240.6;32;10212477382;B
20240426;101802;1240.6;8;10212477383;B
20240426;101806;1240.6;1;10212477774;B
20240426;101806;1240.6;1;10212477794;B
20240426;101807;1240.4;30;10212477882;S
20240426;101809;1240.6;8;10212478119;B
20240426;101809;1240.6;17;10212478158;B
20240426;101811;1240.4;8;10212478326;S
20240426;101811;1240.4;10;10212478327;S
20240426;101811;1240.4;20;10212478328;S
20240426;101811;1240.4;1;10212478329;S
20240426;101811;1240.4;10;10212478330;S
20240426;101811;1240.4;5;10212478331;S
20240426;101811;1240.4;94;10212478332;S
20240426;101811;1240.4;46;10212478333;S
20240426;101811;1240.2;4;10212478334;S
20240426;101811;1240.2;1;10212478335;S
20240426;101811;1240.2;5;10212478336;S
20240426;101811;1240.2;13;10212478337;S
20240426;101811;1240.2;1;10212478338;S
20240426;101811;1240.2;24;10212478339;S
20240426;101811;1240.2;1;10212478340;S
20240426;101811;1240.2;71;10212478341;S
20240426;101811;1240.2;9;10212478342;S
20240426;101811;1240.2;10;10212478343;S
20240426;101811;1240.2;29;10212478344;S
20240426;101811;1240.2;125;10212478345;S
20240426;101811;1240.2;14;10212478346;S
20240426;101811;1240;1;10212478347;S
20240426;101811;1240;3;10212478348;S
20240426;101811;1240;20;10212478349;S
20240426;101811;1240;6;10212478350;S
20240426;101811;1240;1;10212478351;S
20240426;101811;1240;5;10212478352;S
20240426;101811;1240;1;10212478353;S
20240426;101811;1240;13;10212478354;S
20240426;101811;1240;1;10212478355;S
20240426;101811;1240;5;10212478356;S
20240426;101811;1240;1;10212478357;S
20240426;101811;1240;1;10212478358;S
20240426;101811;1240;1;10212478359;S
20240426;101811;1240;24;10212478360;S
20240426;101811;1240;1;10212478361;S
20240426;101811;1240;1;10212478362;S
20240426;101811;1240;14;10212478363;S
20240426;101811;1240;1;10212478364;S
20240426;101811;1240;1;10212478365;S
20240426;101811;1240;1;10212478366;S
20240426;101811;1240;1;10212478367;S
20240426;101811;1240;3;10212478368;S
20240426;101811;1240;1;10212478369;S
20240426;101811;1239.8;1;10212478370;S
20240426;101811;1239.8;60;10212478371;S
20240426;101811;1239.8;74;10212478372;S
20240426;101811;1239.8;145;10212478373;S
20240426;101811;1239.6;5;10212478374;S
20240426;101811;1239.6;80;10212478375;S
20240426;101811;1239.4;1;10212478376;S
20240426;101811;1239.4;1;10212478377;S
20240426;101811;1239.4;1;10212478378;S
20240426;101811;1239.4;1;10212478379;S
20240426;101811;1239.4;80;10212478380;S
20240426;101811;1239.2;1;10212478381;S
20240426;101811;1239.2;4;10212478382;S
20240426;101811;1239.2;600;10212478383;S
20240426;101811;1239.2;5;10212478384;S
20240426;101811;1239.2;80;10212478385;S
20240426;101811;1239.2;600;10212478386;S
20240426;101811;1239.2;1;10212478387;S
20240426;101811;1239;1;10212478388;S
20240426;101811;1239;2;10212478389;S
20240426;101811;1239;3;10212478390;S
20240426;101811;1239;6;10212478391;S
20240426;101811;1239;1;10212478392;S
20240426;101811;1239;1;10212478393;S
20240426;101811;1239;20;10212478394;S
20240426;101811;1239;1;10212478395;S
20240426;101811;1239;117;10212478396;S
20240426;101811;1239;3;10212478400;S
20240426;101811;1239;1;10212478401;S
20240426;101811;1239;1;10212478402;S
20240426;101811;1239;1;10212478403;S
20240426;101812;1239;12;10212478455;S
20240426;101812;1239;2;10212478456;S
20240426;101812;1239;20;10212478457;S
20240426;101812;1239.2;5;10212478488;B
20240426;101819;1239.2;4;10212479191;B
20240426;101828;1239.2;1;10212480077;S
20240426;101830;1239.4;4;10212480231;B
20240426;101833;1239.2;1;10212480650;S
20240426;101835;1239.4;1;10212480857;B
20240426;101840;1239.4;2;10212481495;B
20240426;101847;1239.2;6;10212482159;S
20240426;101849;1239.4;6;10212482409;B
20240426;101853;1239.6;4;10212482696;B
20240426;101855;1239.6;1;10212482948;B
20240426;101856;1239.6;145;10212483056;S
20240426;101859;1239.6;10;10212483435;B
20240426;101902;1239.4;19;10212483662;S
20240426;101902;1239.4;15;10212483702;S
20240426;101902;1239.4;15;10212483703;S
20240426;101904;1239.6;1;10212483930;B
20240426;101905;1239.4;67;10212483984;S
20240426;101905;1239.2;13;10212483985;S
20240426;101907;1239.4;1;10212484155;B
20240426;101911;1239.4;5;10212484623;B
20240426;101917;1239.4;1;10212485236;B
20240426;101918;1239.4;1;10212485390;B
20240426;101920;1239.4;1;10212485480;B
20240426;101920;1239.4;1;10212485493;B
20240426;101921;1239.4;4;10212485561;B
20240426;101921;1239.4;1;10212485602;B
20240426;101922;1239.4;1;10212485717;B
20240426;101922;1239.4;2;10212485718;B
20240426;101923;1239.4;2;10212485774;B
20240426;101934;1239.4;11;10212486804;B
20240426;101934;1239.6;2;10212486805;B
20240426;101934;1239.6;17;10212486806;B
20240426;101941;1239.6;3;10212487415;S
20240426;101943;1239.8;1;10212487562;B
20240426;101943;1239.8;3;10212487563;B
20240426;101944;1239.8;1;10212487619;B
20240426;101947;1239.8;8;10212487958;B
20240426;101953;1239.8;131;10212489222;B
20240426;101953;1239.8;145;10212489228;B
20240426;101958;1239.8;135;10212490325;B
20240426;101958;1239.8;1;10212490415;B
20240426;102002;1239.8;15;10212491090;B
20240426;102002;1240;7;10212491098;B
20240426;102002;1240;114;10212491099;B
20240426;102005;1240;4;10212491513;B
20240426;102007;1239.6;50;10212491842;S
20240426;102007;1240;135;10212491900;B
20240426;102009;1239.8;3;10212492173;S
20240426;102012;1240;137;10212492703;B
20240426;102017;1240;1;10212493673;B
20240426;102017;1240;109;10212493749;B
20240426;102017;1240;13;10212493750;B
20240426;102017;1240;14;10212493751;B
20240426;102020;1240;3;10212494235;B
20240426;102023;1240;3;10212494638;B
20240426;102023;1240;5;10212494639;B
20240426;102023;1240;1;10212494640;B
20240426;102023;1240;1;10212494641;B
20240426;102024;1240;3;10212496402;B
20240426;102024;1240;1;10212496403;B
20240426;102024;1240.2;4;10212496404;B
20240426;102024;1240.2;3;10212496405;B
20240426;102024;1240.2;5;10212496406;B
20240426;102024;1240.2;55;10212496504;B
20240426;102024;1240.4;9;10212496505;B
20240426;102024;1240.4;4;10212496608;B
20240426;102027;1240.2;1;10212496955;S
20240426;102027;1240.4;1;10212496965;B
20240426;102029;1240.4;1;10212497739;B
20240426;102034;1240.2;1;10212500046;S
20240426;102037;1240.2;1;10212500775;S
20240426;102037;1240.2;1;10212500800;S
20240426;102039;1240.2;1;10212501409;S
20240426;102040;1240.4;5;10212501492;B
20240426;102044;1240.4;10;10212503862;B
20240426;102046;1240.2;1;10212504142;S
20240426;102049;1240.2;59;10212504454;S
20240426;102053;1240.4;4;10212506169;B
20240426;102054;1240.4;1;10212506422;B
20240426;102057;1240.4;15;10212506676;B
20240426;102057;1240.4;1;10212506677;B
20240426;102058;1240.4;4;10212506960;S
20240426;102058;1240.4;7;10212506961;S
20240426;102100;1240.6;10;10212508966;B
20240426;102100;1240.6;2;10212508967;B
20240426;102100;1240.8;60;10212508968;B
20240426;102100;1240.8;3;10212508969;B
20240426;102100;1240.8;21;10212508970;B
20240426;102100;1240.8;4;10212508971;B
20240426;102110;1241;1;10212510513;B
20240426;102114;1240.8;1;10212511541;S
20240426;102119;1241;4;10212513827;B
20240426;102121;1241;243;10212513997;B
20240426;102123;1241;3;10212514438;B
20240426;102132;1241;1;10212516944;B
20240426;102134;1240.8;96;10212517137;S
20240426;102134;1240.8;54;10212517138;S
20240426;102134;1241;100;10212517162;B
20240426;102142;1241;1;10212519017;B
20240426;102145;1241;4;10212520510;B
20240426;102145;1241;1;10212520526;B
20240426;102155;1241;1;10212523308;B
20240426;102156;1241;1;10212523982;B
20240426;102157;1241;1;10212524107;B
20240426;102204;1240.8;17;10212524886;S
20240426;102204;1240.8;8;10212524887;S
20240426;102204;1240.8;7;10212524888;S
20240426;102204;1240.8;6;10212524889;S
20240426;102204;1240.8;2;10212524890;S
20240426;102204;1240.8;1;10212524891;S
20240426;102208;1241;5;10212526761;B
20240426;102214;1240.8;2;10212527311;S
20240426;102214;1240.8;1;10212527312;S
20240426;102214;1240.8;25;10212527313;S
20240426;102214;1240.8;1;10212527314;S
20240426;102214;1240.8;88;10212527315;S
20240426;102214;1240.8;13;10212527316;S
20240426;102215;1241;18;10212528279;B
20240426;102216;1241;2;10212529107;B
20240426;102221;1241;8;10212530559;B
20240426;102222;1241;26;10212530674;B
20240426;102222;1241;1;10212530686;B
20240426;102228;1240.8;1;10212533020;S
20240426;102228;1240.8;4;10212533021;S
20240426;102231;1241;1;10212533411;B
20240426;102232;1241;15;10212533600;B
20240426;102234;1241;20;10212533803;B
20240426;102237;1240.8;93;10212535069;S
20240426;102237;1240.8;1;10212535070;S
20240426;102237;1240.8;55;10212535071;S
20240426;102237;1240.8;89;10212535072;S
20240426;102237;1240.8;2;10212535073;S
20240426;102237;1240.6;13;10212535074;S
20240426;102237;1240.6;1;10212535075;S
20240426;102237;1240.6;93;10212535076;S
20240426;102237;1240.6;162;10212535077;S
20240426;102237;1240.6;145;10212535078;S
20240426;102237;1240.6;56;10212535079;S
20240426;102237;1240.4;8;10212535080;S
20240426;102237;1240.4;10;10212535081;S
20240426;102237;1240.4;156;10212535082;S
20240426;102237;1240.4;1;10212535083;S
20240426;102237;1240.4;60;10212535084;S
20240426;102237;1240.4;53;10212535085;S
20240426;102237;1240.2;1;10212535086;S
20240426;102237;1240.2;10;10212535087;S
20240426;102237;1240.2;1;10212535088;S
20240426;102237;1240.2;80;10212535089;S
20240426;102237;1240.2;12;10212535090;S
20240426;102237;1240.2;7;10212535091;S
20240426;102237;1240.2;10;10212535092;S
20240426;102237;1240.2;13;10212535093;S
20240426;102237;1240;10;10212535094;S
20240426;102237;1240;4;10212535095;S
20240426;102237;1240;1;10212535096;S
20240426;102237;1240;2;10212535097;S
20240426;102237;1240;80;10212535098;S
20240426;102237;1240;2;10212535099;S
20240426;102237;1240;59;10212535100;S
20240426;102237;1240;1;10212535101;S
20240426;102237;1240;10;10212535102;S
20240426;102237;1240;1;10212535103;S
20240426;102237;1240;3;10212535104;S
20240426;102237;1240;2;10212535105;S
20240426;102237;1240;2;10212535106;S
20240426;102237;1240;191;10212535107;S
20240426;102239;1240.2;1;10212535926;S
20240426;102240;1240.4;1;10212536028;B
20240426;102244;1240.2;12;10212537053;S
20240426;102244;1240.2;1;10212537054;S
20240426;102245;1240.4;10;10212537075;B
20240426;102245;1240.2;1;10212537084;S
20240426;102247;1240.4;2;10212537594;B
20240426;102247;1240.6;60;10212537596;B
20240426;102247;1240.6;5;10212537597;B
20240426;102247;1240.6;13;10212537598;B
20240426;102248;1241;58;10212537631;B
20240426;102252;1241;30;10212539075;B
20240426;102252;1241;1;10212539091;B
20240426;102255;1241;10;10212539551;B
20240426;102255;1240.6;100;10212539562;S
20240426;102258;1241;1;10212539879;B
20240426;102308;1241;5;10212542572;B
20240426;102309;1241;1;10212542663;B
20240426;102309;1241;1;10212542724;B
20240426;102310;1241;75;10212542805;B
20240426;102312;1241;117;10212543142;B
20240426;102312;1241;18;10212543143;B
20240426;102312;1241;60;10212543144;B
20240426;102312;1241;1;10212543145;B
20240426;102312;1241.2;4;10212543146;B
20240426;102312;1241.2;4;10212543147;B
20240426;102312;1241.2;600;10212543148;B
20240426;102312;1241.2;60;10212543149;B
20240426;102312;1241.2;53;10212543150;B
20240426;102312;1241.4;20;10212543151;B
20240426;102312;1241.4;20;10212543152;B
20240426;102312;1241.4;43;10212543153;B
20240426;102313;1241.4;7;10212543645;B
20240426;102313;1241.4;23;10212543646;B
20240426;102318;1241.6;53;10212545189;B
20240426;102320;1241.6;10;10212545420;B
20240426;102320;1241.6;10;10212545421;B
20240426;102321;1241.4;1;10212545550;S
20240426;102321;1241.2;2;10212545551;S
20240426;102330;1241.6;1;10212548279;B
20240426;102332;1241.4;1;10212548440;S
20240426;102333;1241.6;5;10212548607;B
20240426;102336;1241.6;1;10212548882;B
20240426;102338;1241.4;2;10212549965;S
20240426;102338;1241.6;5;10212550017;B
20240426;102340;1241.4;5;10212551278;S
20240426;102348;1241.6;1;10212552419;B
20240426;102355;1241.6;18;10212556198;B
20240426;102357;1241.6;5;10212556465;B
20240426;102358;1241.6;4;10212556600;B
20240426;102402;1241.4;8;10212557217;S
20240426;102402;1241.4;1;10212557218;S
20240426;102402;1241.4;19;10212557219;S
20240426;102402;1241.4;31;10212557220;S
20240426;102403;1241.6;2;10212557613;B
20240426;102404;1241.6;6;10212558482;B
20240426;102404;1241.6;4;10212558483;B
20240426;102406;1241.6;1;10212558729;B
20240426;102408;1241.6;1;10212559189;B
20240426;102413;1241.6;10;10212561013;B
20240426;102413;1241.4;1;10212561028;S
20240426;102413;1241.6;3;10212561039;B
20240426;102418;1241.6;1;10212561731;B
20240426;102418;1241.6;1;10212561760;B
20240426;102420;1241.6;1;10212561866;B
20240426;102424;1241.4;5;10212564408;S
20240426;102428;1241.4;14;10212564636;S
20240426;102428;1241.4;3;10212564637;S
20240426;102428;1241.4;1;10212564638;S
20240426;102435;1241.4;19;10212565408;B
20240426;102435;1241.6;18;10212565409;B
20240426;102435;1241.6;1;10212565410;B
20240426;102435;1241.6;1;10212565411;B
20240426;102435;1241.6;50;10212565412;B
20240426;102435;1241.6;13;10212565413;B
20240426;102437;1241.6;1;10212566607;B
20240426;102438;1241.6;46;10212567445;B
20240426;102438;1241.6;14;10212567446;B
20240426;102439;1241.4;1;10212567662;B
20240426;102440;1241.4;1;10212567761;B
20240426;102440;1241.4;3;10212567795;B
20240426;102442;1241.6;46;10212567957;B
20240426;102442;1241.6;5;10212567958;B
20240426;102442;1241.6;9;10212567959;B
20240426;102443;1241.4;13;10212568045;S
20240426;102449;1241.4;1;10212569871;B
20240426;102449;1241.4;23;10212569880;B
20240426;102449;1241.4;97;10212569881;B
20240426;102449;1241.4;60;10212569882;B
20240426;102452;1241.6;13;10212570353;B
20240426;102452;1241.6;3;10212570354;B
20240426;102452;1241.6;97;10212570357;S
20240426;102452;1241.6;3;10212570358;S
20240426;102453;1241.8;3;10212570395;B
20240426;102453;1241.8;2;10212570396;B
20240426;102453;1241.8;1;10212570397;B
20240426;102453;1241.8;32;10212570398;B
20240426;102453;1241.8;8;10212570431;B
20240426;102453;1241.8;80;10212570432;B
20240426;102453;1241.8;1;10212570433;B
20240426;102453;1241.8;200;10212570434;B
20240426;102453;1241.8;60;10212570435;B
20240426;102453;1241.8;1;10212570436;B
20240426;102454;1241.8;49;10212570528;B
20240426;102454;1241.8;80;10212570529;B
20240426;102454;1241.8;5;10212570581;S
20240426;102455;1241.8;10;10212570618;S
20240426;102457;1242;1;10212570751;B
20240426;102457;1242;103;10212570768;B
20240426;102502;1242;10;10212573891;B
20240426;102503;1242;19;10212574209;B
20240426;102503;1242;2;10212574210;B
20240426;102503;1242;1;10212574211;B
20240426;102503;1242;1;10212574212;B
20240426;102503;1242;3;10212574213;B
20240426;102503;1242;20;10212574214;B
20240426;102503;1242;40;10212574215;B
20240426;102503;1242;56;10212574216;B
20240426;102503;1242;4;10212574259;B
20240426;102508;1242;21;10212574709;B
