<DATE>;<TIME>;<LAST>;<VOL>;<ID>;<OPER>
20240207;095935;1483.000000000;1;9558339342;B
20240207;095935;1483.000000000;1;9558339343;S
20240207;095935;1483.000000000;18;9558339344;S
20240207;095935;1483.000000000;7;9558339345;S
20240207;095935;1483.000000000;10;9558339346;S
20240207;095935;1483.000000000;3;9558339347;S
20240207;095935;1483.000000000;30;9558339348;S
20240207;095935;1483.000000000;2;9558339349;B
20240207;095935;1483.000000000;48;9558339350;B
20240207;095935;1483.000000000;1;9558339351;S
20240207;095935;1483.000000000;4;9558339352;S
20240207;095935;1483.000000000;200;9558339353;S
20240207;095935;1483.000000000;4;9558339354;B
20240207;095935;1483.000000000;73;9558339355;S
20240207;095935;1483.000000000;1;9558339356;S
20240207;095935;1483.000000000;1;9558339357;S
20240207;095935;1483.000000000;1;9558339358;B
20240207;095935;1483.000000000;1;9558339359;B
20240207;095935;1483.000000000;1;9558339360;B
20240207;095935;1483.000000000;1;9558339361;B
20240207;095935;1483.000000000;1;9558339362;B
20240207;095935;1483.000000000;1;9558339363;B
20240207;095935;1483.000000000;1;9558339364;B
20240207;095935;1483.000000000;1;9558339365;S
20240207;095935;1483.000000000;1;9558339366;B
20240207;095935;1483.000000000;1;9558339367;B
20240207;095935;1483.000000000;14;9558339368;B
20240207;095935;1483.000000000;35;9558339369;B
20240207;095935;1483.000000000;1;9558339370;S
20240207;095935;1483.000000000;58;9558339371;S
20240207;095935;1483.000000000;13;9558339372;S
20240207;095935;1483.000000000;20;9558339373;S
20240207;095935;1483.000000000;9;9558339374;S
20240207;095935;1483.000000000;5;9558339375;B
20240207;095935;1483.000000000;3;9558339376;S
20240207;095935;1483.000000000;3;9558339377;S
20240207;095935;1483.000000000;3;9558339378;S
20240207;095935;1483.000000000;3;9558339379;S
20240207;095935;1483.000000000;3;9558339380;S
20240207;095935;1483.000000000;3;9558339381;S
20240207;095935;1483.000000000;3;9558339382;S
20240207;095935;1483.000000000;3;9558339383;S
20240207;095935;1483.000000000;3;9558339384;S
20240207;095935;1483.000000000;3;9558339385;S
20240207;095935;1483.000000000;3;9558339386;S
20240207;095935;1483.000000000;4;9558339387;S
20240207;095935;1483.000000000;7;9558339388;B
20240207;095935;1483.000000000;3;9558339389;B
20240207;095935;1483.000000000;9;9558339390;S
20240207;095935;1483.000000000;1;9558339391;S
20240207;095935;1483.000000000;135;9558339392;S
20240207;095935;1483.000000000;3;9558339393;S
20240207;095935;1483.000000000;4;9558339394;S
20240207;095935;1483.000000000;20;9558339395;S
20240207;095935;1483.000000000;1;9558339396;S
20240207;095935;1483.000000000;10;9558339397;S
20240207;095935;1483.000000000;5;9558339398;S
20240207;095935;1483.000000000;1;9558339399;S
20240207;095935;1483.000000000;6;9558339400;S
20240207;095935;1483.000000000;5;9558339401;B
20240207;095935;1483.000000000;1;9558339402;B
20240207;095935;1483.000000000;11;9558339403;B
20240207;095935;1483.000000000;4;9558339404;B
20240207;095935;1483.000000000;15;9558339405;B
20240207;095935;1483.000000000;31;9558339406;B
20240207;095935;1483.000000000;50;9558339407;S
20240207;095935;1483.000000000;1;9558339408;S
20240207;095935;1483.000000000;40;9558339409;S
20240207;095935;1483.000000000;9;9558339410;S
20240207;095935;1483.000000000;5;9558339411;S
20240207;095935;1483.000000000;6;9558339412;S
20240207;095935;1483.000000000;4;9558339413;B
20240207;095935;1483.000000000;1;9558339414;B
20240207;095935;1483.000000000;74;9558339415;B
20240207;095935;1483.000000000;130;9558339416;B
20240207;095935;1483.000000000;76;9558339417;B
20240207;095935;1483.000000000;1;9558339418;B
20240207;095935;1483.000000000;1000;9558339419;S
20240207;095935;1483.000000000;7;9558339420;S
20240207;095935;1483.000000000;1;9558339421;S
20240207;095935;1483.000000000;400;9558339422;B
20240207;095935;1483.000000000;272;9558339423;B
20240207;095935;1483.000000000;2;9558339424;B
20240207;095935;1483.000000000;30;9558339425;B
20240207;095935;1483.000000000;100;9558339426;S
20240207;095935;1483.000000000;35;9558339427;B
20240207;095935;1483.000000000;2603;9558339428;S
20240207;095935;1483.000000000;20;9558339429;B
20240207;095935;1483.000000000;2;9558339430;S
20240207;095935;1483.000000000;250;9558339431;S
20240207;095935;1483.000000000;30;9558339432;B
20240207;095935;1483.000000000;1683;9558339433;S
20240207;095935;1483.000000000;330;9558339434;S
20240207;095935;1483.000000000;15;9558339435;S
20240207;095935;1483.000000000;30;9558339436;S
20240207;095935;1483.000000000;10;9558339437;S
20240207;095935;1483.000000000;200;9558339438;S
20240207;095935;1483.000000000;200;9558339439;S
20240207;095935;1483.000000000;4;9558339440;S
20240207;095935;1483.000000000;10;9558339441;S
20240207;100000;1483.000000000;134;9558345111;S
20240207;100000;1483.000000000;200;9558345116;S
20240207;100000;1483.000000000;80;9558345117;S
20240207;100000;1483.000000000;20;9558345118;S
20240207;100000;1483.000000000;108;9558345119;S
20240207;100000;1483.000000000;10;9558345120;S
20240207;100000;1483.000000000;50;9558345121;S
20240207;100000;1482.600000000;19;9558345398;B
20240207;100000;1481.200000000;45;9558345403;S
20240207;100000;1481.200000000;2;9558345404;S
20240207;100000;1481.200000000;53;9558345462;B
20240207;100000;1480.800000000;25;9558345469;S
20240207;100000;1480.600000000;53;9558345513;S
20240207;100000;1480.600000000;134;9558345514;S
20240207;100000;1480.600000000;45;9558345525;B
20240207;100000;1480.600000000;45;9558345526;B
20240207;100000;1480.600000000;355;9558345528;B
20240207;100000;1480.600000000;100;9558345530;B
20240207;100000;1480.600000000;100;9558345531;B
20240207;100000;1481.000000000;100;9558345553;B
20240207;100000;1481.200000000;100;9558345628;B
20240207;100000;1482.400000000;2;9558345747;B
20240207;100000;1482.400000000;3;9558345762;B
20240207;100000;1480.800000000;12;9558345763;S
20240207;100000;1480.600000000;134;9558345764;S
20240207;100000;1480.400000000;1301;9558345765;S
20240207;100000;1480.400000000;53;9558345766;S
20240207;100001;1481.600000000;97;9558346068;S
20240207;100001;1481.400000000;96;9558346069;S
20240207;100001;1481.200000000;1;9558346237;S
20240207;100001;1481.400000000;4;9558346471;B
20240207;100001;1481.800000000;5;9558346482;B
20240207;100001;1481.800000000;1;9558346487;B
20240207;100001;1481.800000000;10;9558346547;B
20240207;100001;1481.200000000;17;9558346553;S
20240207;100001;1481.200000000;7;9558346599;S
20240207;100001;1481.200000000;5;9558346708;S
20240207;100002;1481.800000000;37;9558346793;B
20240207;100002;1481.800000000;5;9558346794;B
20240207;100002;1482.000000000;53;9558346795;B
20240207;100002;1482.200000000;5;9558346796;B
20240207;100002;1482.000000000;40;9558346838;B
20240207;100002;1481.400000000;5;9558347131;S
20240207;100002;1482.200000000;95;9558347259;B
20240207;100002;1482.400000000;1;9558347260;B
20240207;100002;1482.400000000;5;9558347261;B
20240207;100002;1482.600000000;9;9558347262;B
20240207;100003;1482.400000000;5;9558348032;B
20240207;100003;1482.600000000;5;9558348033;B
20240207;100003;1482.600000000;7;9558348099;B
20240207;100003;1482.600000000;1;9558348206;B
20240207;100003;1482.600000000;2;9558348210;B
20240207;100003;1482.600000000;1;9558348211;B
20240207;100003;1481.600000000;14;9558348276;S
20240207;100003;1481.400000000;136;9558348277;S
20240207;100004;1482.400000000;10;9558348422;B
20240207;100004;1482.200000000;1;9558349022;B
20240207;100004;1482.200000000;3;9558349023;B
20240207;100005;1482.200000000;9;9558349412;B
20240207;100005;1482.200000000;1;9558349424;B
20240207;100005;1481.400000000;1;9558349427;S
20240207;100005;1482.200000000;1;9558349799;B
20240207;100005;1482.200000000;1;9558349800;B
20240207;100005;1482.200000000;1;9558349802;B
20240207;100005;1482.200000000;1;9558349803;B
20240207;100005;1482.200000000;4;9558350210;B
20240207;100006;1481.400000000;1;9558350823;S
20240207;100006;1482.200000000;1;9558350960;B
20240207;100006;1481.400000000;2;9558350961;S
20240207;100006;1482.200000000;2;9558351404;B
20240207;100007;1481.400000000;1;9558351808;S
20240207;100007;1481.400000000;49;9558352054;S
20240207;100007;1481.400000000;15;9558352055;S
20240207;100007;1481.200000000;62;9558352056;S
20240207;100007;1481.200000000;32;9558352057;S
20240207;100007;1481.200000000;146;9558352058;S
20240207;100007;1481.000000000;49;9558352059;S
20240207;100008;1481.800000000;1;9558352128;B
20240207;100008;1481.800000000;3;9558352273;B
20240207;100010;1481.400000000;2;9558352449;S
20240207;100010;1481.800000000;9;9558352686;B
20240207;100010;1481.400000000;51;9558352783;S
20240207;100010;1481.400000000;15;9558352784;S
20240207;100010;1481.200000000;53;9558352785;S
20240207;100010;1481.000000000;42;9558352786;S
20240207;100010;1481.000000000;14;9558352787;S
20240207;100011;1481.600000000;1;9558352864;B
20240207;100011;1481.200000000;13;9558352911;S
20240207;100011;1481.200000000;27;9558352912;S
20240207;100011;1482.000000000;23;9558352931;B
20240207;100011;1481.200000000;7;9558352981;S
20240207;100011;1481.200000000;19;9558353007;S
20240207;100011;1481.000000000;22;9558353008;S
20240207;100012;1481.400000000;26;9558353338;B
20240207;100014;1481.400000000;15;9558353931;S
20240207;100014;1481.200000000;35;9558353932;S
20240207;100014;1482.000000000;3;9558353936;B
20240207;100015;1481.000000000;14;9558354112;S
20240207;100015;1481.000000000;36;9558354113;S
20240207;100016;1481.400000000;53;9558354418;B
20240207;100016;1482.000000000;190;9558354419;B
20240207;100016;1482.000000000;102;9558354420;B
20240207;100016;1482.000000000;100;9558354421;B
20240207;100016;1482.200000000;29;9558354424;B
20240207;100016;1482.400000000;100;9558354425;B
20240207;100016;1482.200000000;44;9558354427;B
20240207;100016;1482.000000000;10;9558354642;S
20240207;100016;1482.200000000;1;9558354668;B
20240207;100017;1482.600000000;3;9558354836;B
20240207;100018;1482.200000000;10;9558355067;S
20240207;100018;1482.600000000;3;9558355071;B
20240207;100018;1482.200000000;30;9558355096;S
20240207;100019;1482.600000000;3;9558355323;B
20240207;100019;1482.600000000;41;9558355375;B
20240207;100019;1482.600000000;56;9558355376;B
20240207;100019;1482.600000000;1;9558355377;B
20240207;100019;1482.600000000;2;9558355378;B
20240207;100019;1482.800000000;150;9558355379;B
20240207;100020;1482.200000000;50;9558355576;S
20240207;100021;1482.200000000;1;9558356024;S
20240207;100022;1482.800000000;10;9558356262;B
20240207;100023;1482.200000000;4;9558356298;S
20240207;100024;1482.200000000;95;9558356523;S
20240207;100024;1482.200000000;5;9558356524;B
20240207;100024;1482.200000000;100;9558356525;B
20240207;100026;1482.200000000;4;9558357035;S
20240207;100026;1482.600000000;1;9558357064;B
20240207;100027;1482.200000000;40;9558357283;S
20240207;100030;1482.000000000;70;9558357805;S
20240207;100030;1482.000000000;500;9558357928;S
20240207;100032;1482.200000000;1;9558358428;S
20240207;100033;1482.000000000;99;9558358734;S
20240207;100033;1482.000000000;1827;9558358772;S
20240207;100033;1482.400000000;102;9558358943;B
20240207;100033;1482.400000000;190;9558358944;B
20240207;100033;1482.600000000;52;9558358945;B
20240207;100033;1482.600000000;1;9558358946;B
20240207;100033;1482.600000000;25;9558358947;B
20240207;100033;1482.800000000;40;9558358948;B
20240207;100033;1482.800000000;53;9558358949;B
20240207;100033;1482.800000000;5;9558358950;B
20240207;100033;1482.800000000;1;9558358951;B
20240207;100033;1483.000000000;1;9558358952;B
20240207;100033;1483.000000000;3;9558358953;B
20240207;100033;1483.000000000;50;9558358954;B
20240207;100033;1483.000000000;53;9558358955;B
20240207;100033;1483.000000000;103;9558358956;B
20240207;100033;1483.200000000;421;9558358957;B
20240207;100034;1482.800000000;20;9558359367;S
20240207;100035;1482.800000000;40;9558359428;S
20240207;100035;1482.000000000;49;9558359429;S
20240207;100035;1482.000000000;1;9558359430;S
20240207;100035;1481.800000000;10;9558359431;S
20240207;100035;1481.800000000;40;9558359432;S
20240207;100035;1481.800000000;150;9558359498;S
20240207;100035;1481.800000000;18;9558359499;S
20240207;100035;1481.600000000;80;9558359661;S
20240207;100035;1481.600000000;20;9558359662;S
20240207;100036;1482.600000000;7;9558359790;B
20240207;100036;1481.600000000;33;9558359812;S
20240207;100036;1481.400000000;3;9558359813;S
20240207;100036;1481.400000000;3;9558359814;S
20240207;100036;1481.400000000;1;9558359815;S
20240207;100038;1482.600000000;1;9558360341;B
20240207;100039;1482.600000000;5;9558360477;B
20240207;100039;1481.400000000;52;9558360565;S
20240207;100039;1481.200000000;53;9558360566;S
20240207;100039;1481.200000000;25;9558360567;S
20240207;100039;1481.200000000;10;9558360568;S
20240207;100041;1482.200000000;1;9558360951;B
20240207;100043;1482.200000000;1;9558361393;B
20240207;100043;1482.000000000;70;9558361455;S
20240207;100044;1482.200000000;7;9558361632;B
20240207;100044;1482.200000000;50;9558361918;B
20240207;100047;1482.200000000;10;9558362406;B
20240207;100049;1482.200000000;7;9558362992;B
20240207;100051;1482.200000000;1;9558363334;B
20240207;100051;1482.000000000;21;9558363438;S
20240207;100052;1482.200000000;1;9558363502;B
20240207;100052;1482.000000000;9;9558363602;S
20240207;100052;1482.000000000;26;9558363603;S
20240207;100052;1482.200000000;83;9558363619;B
20240207;100052;1482.400000000;17;9558363620;B
20240207;100053;1482.200000000;102;9558363850;B
20240207;100053;1482.400000000;36;9558363851;B
20240207;100053;1482.600000000;53;9558363852;B
20240207;100053;1482.600000000;9;9558363853;B
20240207;100054;1482.000000000;1;9558363942;S
20240207;100055;1482.000000000;1;9558364009;S
20240207;100055;1482.600000000;5;9558364121;B
20240207;100057;1482.000000000;10;9558364553;S
20240207;100059;1482.200000000;250;9558365048;S
20240207;100059;1482.000000000;62;9558365049;S
20240207;100100;1482.000000000;188;9558365132;B
20240207;100100;1482.600000000;3;9558365133;B
20240207;100100;1482.600000000;53;9558365134;B
20240207;100100;1482.800000000;53;9558365135;B
20240207;100100;1482.800000000;25;9558365136;B
20240207;100100;1483.000000000;5;9558365137;B
20240207;100100;1483.000000000;1;9558365138;B
20240207;100100;1483.000000000;10;9558365139;B
20240207;100100;1483.000000000;53;9558365140;B
20240207;100100;1483.000000000;102;9558365141;B
20240207;100100;1483.200000000;79;9558365142;B
20240207;100100;1483.200000000;2;9558365143;B
20240207;100100;1483.200000000;190;9558365144;B
20240207;100100;1483.200000000;1;9558365145;B
20240207;100100;1483.200000000;134;9558365146;B
20240207;100100;1483.200000000;272;9558365147;B
20240207;100100;1483.400000000;5;9558365148;B
20240207;100100;1483.400000000;1;9558365149;B
20240207;100100;1483.400000000;400;9558365150;B
20240207;100100;1483.400000000;600;9558365151;B
20240207;100100;1483.600000000;112;9558365152;B
20240207;100100;1483.600000000;1;9558365153;B
20240207;100100;1483.600000000;700;9558365154;B
20240207;100100;1483.800000000;50;9558365155;B
20240207;100100;1484.000000000;1;9558365156;B
20240207;100100;1484.000000000;35;9558365157;B
20240207;100100;1484.000000000;1;9558365158;B
20240207;100100;1484.000000000;120;9558365159;B
20240207;100100;1484.000000000;10;9558365160;B
20240207;100100;1484.000000000;800;9558365161;B
20240207;100100;1484.000000000;200;9558365162;B
20240207;100100;1484.000000000;3;9558365163;B
20240207;100100;1484.000000000;290;9558365164;B
20240207;100100;1483.600000000;25;9558365165;B
20240207;100100;1483.800000000;53;9558365166;B
20240207;100100;1483.800000000;134;9558365167;B
20240207;100100;1483.800000000;100;9558365168;B
20240207;100100;1483.800000000;102;9558365169;B
20240207;100100;1484.000000000;2;9558365170;B
20240207;100100;1484.000000000;53;9558365171;B
20240207;100100;1484.200000000;31;9558365172;B
20240207;100100;1483.000000000;30;9558365205;S
20240207;100100;1483.000000000;20;9558365206;B
20240207;100100;1482.800000000;53;9558365373;S
20240207;100100;1482.600000000;24;9558365374;S
20240207;100100;1482.800000000;50;9558365407;S
20240207;100100;1482.800000000;3;9558365412;S
20240207;100100;1482.600000000;29;9558365413;S
20240207;100100;1482.600000000;25;9558365414;S
20240207;100100;1482.400000000;78;9558365415;S
20240207;100103;1482.800000000;20;9558365897;S
20240207;100103;1483.400000000;5;9558365931;B
20240207;100103;1482.600000000;3;9558365998;S
20240207;100103;1482.600000000;267;9558366018;S
20240207;100104;1482.000000000;6;9558366071;S
20240207;100104;1482.000000000;1;9558366072;S
20240207;100104;1482.000000000;3;9558366135;S
20240207;100105;1482.000000000;1;9558366220;S
20240207;100106;1482.400000000;1;9558366304;B
20240207;100106;1482.000000000;8;9558366306;S
20240207;100106;1482.000000000;1;9558366404;S
20240207;100112;1482.000000000;47;9558367326;S
20240207;100112;1482.000000000;28;9558367327;S
20240207;100112;1482.000000000;10;9558367328;S
20240207;100112;1482.000000000;30;9558367329;S
20240207;100112;1481.600000000;1;9558367429;S
20240207;100114;1481.600000000;20;9558367852;S
20240207;100115;1481.600000000;25;9558368108;S
20240207;100117;1481.800000000;1;9558368462;B
20240207;100118;1481.600000000;49;9558368610;S
20240207;100118;1481.600000000;1;9558368611;S
20240207;100119;1481.600000000;133;9558368651;S
20240207;100119;1481.600000000;17;9558368652;S
20240207;100119;1481.800000000;4;9558368701;B
20240207;100122;1481.800000000;30;9558369165;B
20240207;100122;1481.600000000;2;9558369305;S
20240207;100123;1481.600000000;27;9558369478;S
20240207;100123;1481.800000000;5;9558369482;B
20240207;100124;1481.600000000;7;9558369687;S
20240207;100124;1481.400000000;39;9558369688;S
20240207;100125;1481.800000000;1;9558369744;B
20240207;100128;1481.600000000;1;9558370129;S
20240207;100128;1481.400000000;50;9558370130;S
20240207;100128;1481.400000000;53;9558370131;S
20240207;100128;1481.400000000;96;9558370132;S
20240207;100128;1481.800000000;40;9558370236;B
20240207;100131;1481.800000000;1;9558370594;B
20240207;100131;1481.800000000;25;9558370595;B
20240207;100131;1481.800000000;174;9558370596;B
20240207;100131;1481.800000000;102;9558370597;B
20240207;100131;1481.800000000;68;9558370598;B
20240207;100131;1482.000000000;185;9558370599;B
20240207;100131;1482.000000000;1;9558370600;B
20240207;100131;1482.000000000;580;9558370601;B
20240207;100131;1482.000000000;2000;9558370602;B
20240207;100131;1482.000000000;27;9558370603;B
20240207;100131;1482.000000000;300;9558370604;B
20240207;100131;1482.400000000;300;9558370605;B
20240207;100131;1482.400000000;20;9558370606;B
20240207;100131;1482.400000000;5;9558370607;B
20240207;100131;1482.600000000;457;9558370608;B
20240207;100131;1482.600000000;53;9558370609;B
20240207;100131;1482.800000000;52;9558370610;B
20240207;100131;1483.200000000;2;9558370611;B
20240207;100131;1481.800000000;25;9558370613;S
20240207;100131;1481.800000000;5;9558370614;S
20240207;100131;1483.200000000;102;9558370819;B
20240207;100131;1483.400000000;25;9558370820;B
20240207;100131;1483.600000000;37;9558370821;B
20240207;100133;1482.200000000;40;9558371140;S
20240207;100133;1483.200000000;2;9558371168;B
20240207;100139;1482.200000000;10;9558372672;S
20240207;100140;1482.000000000;190;9558372964;S
20240207;100140;1482.000000000;53;9558372965;S
20240207;100140;1482.000000000;25;9558372966;S
20240207;100140;1481.800000000;53;9558372967;S
20240207;100140;1481.800000000;21;9558372968;S
20240207;100144;1482.600000000;1;9558373598;B
20240207;100152;1482.600000000;101;9558374888;B
20240207;100152;1482.600000000;21;9558374889;B
20240207;100152;1482.600000000;53;9558374890;B
20240207;100152;1482.800000000;53;9558374891;B
20240207;100152;1483.000000000;53;9558374892;B
20240207;100152;1483.000000000;134;9558374893;B
20240207;100152;1483.200000000;25;9558374894;B
20240207;100152;1483.200000000;50;9558374895;B
20240207;100152;1483.800000000;1;9558374896;B
20240207;100152;1483.800000000;10;9558374897;B
20240207;100152;1483.800000000;2;9558374898;B
20240207;100152;1483.800000000;190;9558374899;B
20240207;100152;1483.800000000;8;9558374900;B
20240207;100152;1484.000000000;1;9558374901;B
20240207;100152;1484.000000000;1;9558374902;B
20240207;100152;1484.000000000;2;9558374903;B
20240207;100152;1484.000000000;1;9558374904;B
20240207;100152;1484.000000000;32;9558374905;B
20240207;100152;1484.000000000;50;9558374906;B
20240207;100152;1484.200000000;299;9558374907;B
20240207;100152;1484.200000000;100;9558374908;B
20240207;100152;1484.200000000;191;9558374909;B
20240207;100152;1484.200000000;1;9558374910;B
20240207;100152;1484.200000000;61;9558374911;B
20240207;100152;1482.400000000;25;9558375013;S
20240207;100152;1482.400000000;30;9558375014;S
20240207;100152;1482.200000000;182;9558375015;S
20240207;100153;1483.600000000;10;9558375120;B
20240207;100154;1482.200000000;2;9558375193;S
20240207;100155;1482.200000000;23;9558375303;S
20240207;100155;1482.000000000;177;9558375304;S
20240207;100156;1482.400000000;13;9558375553;S
20240207;100156;1482.200000000;7;9558375554;S
20240207;100158;1483.400000000;1;9558375741;B
20240207;100206;1482.800000000;33;9558377200;S
20240207;100206;1482.600000000;50;9558377201;S
20240207;100206;1482.400000000;25;9558377202;S
20240207;100206;1482.400000000;53;9558377203;S
20240207;100206;1482.200000000;53;9558377204;S
20240207;100206;1482.000000000;36;9558377205;S
20240207;100208;1483.000000000;25;9558377437;B
20240207;100208;1483.200000000;1;9558377438;B
20240207;100208;1483.200000000;4;9558377439;B
20240207;100210;1482.400000000;25;9558377762;S
20240207;100210;1482.200000000;33;9558377763;S
20240207;100210;1482.200000000;4;9558377764;S
20240207;100210;1482.000000000;17;9558377765;S
20240207;100210;1482.000000000;51;9558377766;S
20240207;100212;1482.800000000;5;9558378089;B
20240207;100212;1482.200000000;1;9558378153;S
20240207;100212;1482.000000000;1;9558378154;S
20240207;100213;1482.000000000;22;9558378235;S
20240207;100216;1482.000000000;1;9558378789;S
20240207;100216;1482.400000000;1;9558378799;B
20240207;100217;1482.200000000;2;9558378942;S
20240207;100217;1482.400000000;1;9558379091;B
20240207;100218;1482.400000000;1;9558379188;B
20240207;100218;1482.400000000;12;9558379247;B
20240207;100220;1482.200000000;2;9558379617;S
20240207;100222;1482.200000000;1;9558379824;B
20240207;100222;1482.000000000;5;9558379895;S
20240207;100222;1482.000000000;1;9558379896;S
20240207;100222;1482.000000000;30;9558379897;S
20240207;100223;1482.000000000;80;9558379985;B
20240207;100224;1481.800000000;50;9558380128;S
20240207;100225;1482.000000000;10;9558380378;B
20240207;100226;1482.000000000;2;9558380391;B
20240207;100226;1482.000000000;1;9558380417;B
20240207;100226;1482.000000000;4;9558380422;B
20240207;100228;1482.000000000;1;9558380799;B
20240207;100229;1482.000000000;2;9558380821;B
20240207;100231;1481.800000000;22;9558381145;S
20240207;100231;1482.000000000;3;9558381188;B
20240207;100232;1482.000000000;5;9558381306;B
20240207;100233;1482.000000000;1;9558381481;B
20240207;100233;1482.000000000;1;9558381494;B
20240207;100233;1481.800000000;1;9558381542;S
20240207;100234;1481.800000000;1;9558381592;S
20240207;100234;1482.000000000;54;9558381606;B
20240207;100234;1482.000000000;280;9558381607;B
20240207;100234;1482.000000000;13;9558381608;B
20240207;100234;1482.000000000;36;9558381609;B
20240207;100234;1482.200000000;69;9558381610;B
20240207;100234;1482.400000000;25;9558381611;B
20240207;100234;1482.600000000;150;9558381612;B
20240207;100234;1482.600000000;47;9558381613;B
20240207;100234;1482.400000000;3;9558381683;B
20240207;100235;1481.800000000;51;9558381804;S
20240207;100235;1481.800000000;22;9558381805;S
20240207;100235;1481.800000000;3;9558381806;S
20240207;100235;1481.800000000;1;9558381807;S
20240207;100235;1481.800000000;2;9558381808;S
20240207;100235;1481.800000000;3;9558381809;S
20240207;100235;1481.600000000;92;9558381810;S
20240207;100235;1481.600000000;16;9558381811;S
20240207;100236;1482.400000000;20;9558381975;B
20240207;100239;1481.600000000;5;9558382376;S
20240207;100240;1481.600000000;32;9558382544;S
20240207;100240;1481.600000000;18;9558382545;S
20240207;100242;1481.600000000;116;9558383007;S
20240207;100242;1481.600000000;53;9558383008;S
20240207;100242;1481.400000000;1;9558383009;S
20240207;100242;1481.800000000;37;9558383125;B
20240207;100243;1481.400000000;2;9558383157;S
20240207;100245;1481.800000000;1;9558383765;B
20240207;100245;1481.800000000;1;9558383846;B
20240207;100249;1481.800000000;3;9558384712;B
20240207;100249;1481.600000000;5;9558384726;S
20240207;100249;1481.600000000;5;9558384727;S
20240207;100250;1481.600000000;5;9558384837;S
20240207;100250;1481.600000000;1;9558384868;B
20240207;100251;1481.400000000;3;9558384996;S
20240207;100252;1481.600000000;4;9558385068;B
20240207;100252;1481.600000000;5;9558385069;B
20240207;100253;1481.800000000;2;9558385282;B
20240207;100253;1481.800000000;5;9558385319;B
20240207;100255;1481.800000000;1;9558385651;B
20240207;100256;1481.800000000;38;9558385728;B
20240207;100257;1481.600000000;27;9558385883;S
20240207;100257;1481.600000000;3;9558385884;S
20240207;100257;1481.400000000;70;9558385885;S
20240207;100257;1481.400000000;16;9558385922;S
20240207;100259;1481.800000000;61;9558386120;B
20240207;100259;1481.800000000;2;9558386121;B
20240207;100259;1482.000000000;150;9558386122;B
20240207;100302;1481.600000000;21;9558386616;B
20240207;100302;1481.800000000;1;9558386617;B
20240207;100302;1481.800000000;207;9558386618;B
20240207;100304;1481.400000000;6;9558386923;S
20240207;100304;1481.400000000;2;9558386924;S
20240207;100307;1481.800000000;4;9558387361;B
20240207;100307;1481.400000000;9;9558387422;S
20240207;100308;1481.400000000;19;9558387503;S
20240207;100308;1481.400000000;46;9558387504;S
20240207;100310;1481.600000000;5;9558387750;S
20240207;100310;1481.800000000;1;9558387758;B
20240207;100312;1481.600000000;28;9558388209;S
20240207;100316;1481.600000000;120;9558388553;B
20240207;100316;1481.600000000;4;9558388695;B
20240207;100317;1481.400000000;3;9558388854;S
20240207;100319;1481.600000000;1;9558389220;B
20240207;100320;1481.400000000;4;9558389459;S
20240207;100320;1481.400000000;56;9558389460;S
20240207;100322;1481.800000000;1;9558389729;B
20240207;100322;1481.800000000;1;9558389784;B
20240207;100323;1481.600000000;22;9558389928;S
20240207;100326;1481.800000000;20;9558390490;B
20240207;100327;1481.600000000;5;9558390613;S
20240207;100331;1481.600000000;33;9558391099;S
20240207;100331;1481.400000000;40;9558391100;S
20240207;100331;1481.400000000;3;9558391101;S
20240207;100331;1481.400000000;24;9558391102;S
20240207;100334;1481.400000000;4;9558391634;S
20240207;100335;1481.400000000;2;9558391751;S
20240207;100335;1481.400000000;18;9558391752;S
20240207;100335;1481.800000000;1;9558391778;B
20240207;100336;1481.400000000;72;9558391887;S
20240207;100336;1481.400000000;8;9558391888;S
20240207;100339;1481.400000000;10;9558392219;S
20240207;100343;1481.400000000;2;9558393254;S
20240207;100343;1481.400000000;97;9558393255;S
20240207;100343;1481.400000000;1;9558393295;B
20240207;100352;1481.200000000;87;9558394743;S
20240207;100352;1481.200000000;27;9558394744;S
20240207;100352;1481.200000000;66;9558394745;S
20240207;100354;1481.200000000;29;9558394920;S
20240207;100354;1481.200000000;10;9558394921;S
20240207;100354;1481.000000000;183;9558394922;S
20240207;100354;1481.000000000;3;9558394923;S
20240207;100354;1481.000000000;3;9558394924;S
20240207;100354;1481.000000000;96;9558394925;S
20240207;100354;1481.000000000;30;9558394926;S
20240207;100354;1481.000000000;2;9558394927;S
20240207;100354;1481.000000000;5;9558394928;S
20240207;100354;1481.000000000;300;9558394929;S
20240207;100354;1481.000000000;25;9558394930;S
20240207;100354;1481.000000000;5;9558394931;S
20240207;100354;1481.000000000;1;9558394932;S
20240207;100354;1481.000000000;205;9558394933;S
20240207;100354;1481.000000000;4;9558394934;S
20240207;100354;1481.000000000;25;9558394935;S
20240207;100354;1481.000000000;10;9558394936;S
20240207;100354;1480.800000000;94;9558394937;S
20240207;100354;1480.800000000;3;9558394938;S
20240207;100354;1480.800000000;5;9558394939;S
20240207;100354;1480.800000000;70;9558394940;S
20240207;100354;1480.800000000;1;9558394941;S
20240207;100354;1480.600000000;95;9558394942;S
20240207;100354;1480.600000000;3;9558394943;S
20240207;100354;1480.600000000;10;9558394944;S
20240207;100354;1480.600000000;6;9558394945;S
20240207;100354;1480.600000000;200;9558394946;S
20240207;100354;1480.600000000;90;9558394947;S
20240207;100354;1480.600000000;135;9558394948;S
20240207;100354;1480.400000000;1302;9558394949;S
20240207;100354;1480.400000000;1000;9558394950;S
20240207;100354;1480.200000000;1;9558394951;S
20240207;100354;1480.200000000;100;9558394952;S
20240207;100354;1480.200000000;1;9558394953;S
20240207;100354;1480.200000000;16;9558394954;S
20240207;100354;1480.200000000;53;9558394955;S
20240207;100354;1480.200000000;700;9558394956;S
20240207;100354;1480.000000000;70;9558394957;S
20240207;100354;1480.000000000;11;9558394958;S
20240207;100354;1480.000000000;210;9558394959;S
20240207;100354;1480.000000000;700;9558394960;S
20240207;100354;1480.000000000;73;9558394961;S
20240207;100354;1480.000000000;33;9558394962;S
20240207;100354;1480.000000000;23;9558394963;S
20240207;100354;1480.000000000;1;9558394964;S
20240207;100354;1480.000000000;2;9558394965;S
20240207;100354;1480.000000000;209;9558394966;S
20240207;100354;1480.200000000;25;9558394983;S
20240207;100354;1480.000000000;35;9558394984;S
20240207;100354;1480.200000000;10;9558395016;S
20240207;100354;1480.200000000;15;9558395032;S
20240207;100354;1480.000000000;23;9558395033;S
20240207;100354;1480.000000000;20;9558395071;S
20240207;100355;1480.800000000;10;9558395225;B
20240207;100356;1480.200000000;25;9558395388;S
20240207;100401;1480.200000000;25;9558396058;S
20240207;100401;1480.200000000;96;9558396059;S
20240207;100401;1480.200000000;10;9558396060;S
20240207;100401;1480.000000000;128;9558396061;S
20240207;100403;1480.200000000;25;9558396219;S
20240207;100403;1480.000000000;25;9558396220;S
20240207;100403;1480.200000000;25;9558396293;S
20240207;100403;1480.000000000;2060;9558396294;S
20240207;100403;1480.000000000;3;9558396295;S
20240207;100403;1480.000000000;50;9558396296;S
20240207;100403;1480.000000000;2;9558396297;S
20240207;100403;1480.000000000;50;9558396298;S
20240207;100403;1479.600000000;1;9558396300;S
20240207;100403;1479.600000000;1;9558396301;S
20240207;100404;1479.600000000;35;9558396383;S
20240207;100404;1479.600000000;14;9558396440;S
20240207;100404;1479.400000000;86;9558396441;S
20240207;100404;1479.400000000;49;9558396468;S
20240207;100404;1479.200000000;1;9558396469;S
20240207;100404;1479.200000000;20;9558396470;S
20240207;100406;1479.400000000;2;9558396801;B
20240207;100406;1479.800000000;15;9558396802;B
20240207;100407;1479.200000000;33;9558396880;S
20240207;100407;1479.200000000;9;9558396881;S
20240207;100407;1479.200000000;126;9558396894;S
20240207;100407;1479.200000000;15;9558396895;S
20240207;100407;1479.000000000;59;9558396896;S
20240207;100408;1479.000000000;15;9558397028;S
20240207;100409;1479.000000000;150;9558397277;S
20240207;100410;1479.600000000;2;9558397325;B
20240207;100410;1479.600000000;27;9558397326;B
20240207;100410;1479.600000000;137;9558397327;B
20240207;100410;1479.800000000;25;9558397328;B
20240207;100410;1479.800000000;9;9558397329;B
20240207;100411;1479.000000000;70;9558397450;S
20240207;100412;1479.800000000;130;9558397734;B
20240207;100415;1479.200000000;40;9558398069;S
20240207;100416;1479.800000000;1;9558398286;B
20240207;100417;1479.800000000;3;9558398435;B
20240207;100419;1479.800000000;21;9558398772;B
20240207;100419;1479.800000000;47;9558398773;B
20240207;100419;1479.000000000;5;9558398814;S
20240207;100422;1479.800000000;1;9558399265;B
20240207;100428;1479.800000000;7;9558400187;B
20240207;100428;1479.800000000;36;9558400215;B
20240207;100428;1479.800000000;25;9558400216;B
20240207;100428;1479.800000000;1;9558400217;B
20240207;100428;1479.800000000;26;9558400218;B
20240207;100428;1480.000000000;12;9558400219;B
20240207;100429;1480.000000000;1;9558400486;B
20240207;100431;1479.200000000;100;9558400713;S
20240207;100433;1479.200000000;90;9558401108;S
20240207;100433;1479.200000000;26;9558401109;S
20240207;100433;1479.000000000;1;9558401110;S
20240207;100433;1479.000000000;1;9558401111;S
20240207;100433;1479.000000000;1;9558401112;S
20240207;100433;1479.000000000;10;9558401113;S
20240207;100433;1479.000000000;1;9558401114;S
20240207;100433;1479.000000000;10;9558401115;S
20240207;100433;1479.000000000;50;9558401116;S
20240207;100433;1479.000000000;25;9558401117;S
20240207;100433;1479.000000000;300;9558401118;S
20240207;100433;1479.000000000;254;9558401119;S
20240207;100434;1479.000000000;80;9558401298;S
20240207;100438;1479.800000000;17;9558402111;B
20240207;100438;1479.800000000;8;9558402155;B
20240207;100438;1479.800000000;190;9558402156;B
20240207;100438;1480.000000000;38;9558402157;B
20240207;100440;1479.800000000;25;9558402351;B
20240207;100442;1479.600000000;100;9558402640;S
20240207;100442;1479.600000000;100;9558402641;S
20240207;100442;1479.600000000;26;9558402642;S
20240207;100442;1479.200000000;190;9558402643;S
20240207;100442;1479.200000000;1;9558402644;S
20240207;100442;1479.200000000;25;9558402645;S
20240207;100442;1479.000000000;58;9558402646;S
20240207;100446;1479.000000000;35;9558403183;S
20240207;100446;1479.000000000;10;9558403188;S
20240207;100447;1479.800000000;2;9558403502;B
20240207;100453;1479.000000000;31;9558404483;S
20240207;100455;1479.800000000;3;9558404693;B
20240207;100457;1479.800000000;8;9558404947;B
20240207;100458;1479.800000000;3;9558405315;B
20240207;100458;1479.600000000;60;9558405321;S
20240207;100503;1479.800000000;1;9558406310;B
20240207;100505;1479.600000000;26;9558406714;S
20240207;100505;1479.600000000;1;9558406715;S
20240207;100505;1479.600000000;2;9558406794;B
20240207;100507;1479.600000000;5;9558407268;B
20240207;100508;1479.400000000;10;9558407387;S
20240207;100510;1479.400000000;1;9558407574;S
20240207;100510;1479.600000000;3;9558407583;B
20240207;100510;1479.600000000;2;9558407723;B
20240207;100512;1479.600000000;1;9558407983;B
20240207;100514;1479.400000000;10;9558408303;S
20240207;100515;1479.600000000;59;9558408518;B
20240207;100515;1479.600000000;41;9558408519;B
20240207;100519;1479.400000000;79;9558409187;S
20240207;100519;1479.400000000;1;9558409188;S
20240207;100519;1479.400000000;26;9558409189;S
20240207;100519;1479.000000000;6;9558409190;S
20240207;100522;1479.000000000;6;9558409585;S
20240207;100524;1479.400000000;21;9558409905;B
20240207;100524;1479.000000000;5;9558409906;S
20240207;100526;1479.400000000;3;9558410305;B
20240207;100526;1479.000000000;15;9558410355;S
20240207;100527;1479.400000000;166;9558410540;B
20240207;100527;1479.400000000;15;9558410541;B
20240207;100527;1479.600000000;41;9558410542;B
20240207;100527;1479.600000000;144;9558410543;B
20240207;100527;1479.600000000;58;9558410544;B
20240207;100527;1479.600000000;133;9558410545;B
20240207;100527;1479.600000000;25;9558410546;B
20240207;100527;1479.600000000;26;9558410547;B
20240207;100527;1479.800000000;1;9558410553;B
20240207;100528;1479.600000000;1;9558410693;S
20240207;100529;1479.800000000;120;9558410944;B
20240207;100530;1479.600000000;20;9558410992;S
20240207;100530;1479.600000000;1;9558411013;S
20240207;100531;1479.600000000;30;9558411173;S
20240207;100532;1479.800000000;1;9558411471;B
20240207;100533;1479.600000000;100;9558411512;S
20240207;100534;1479.600000000;100;9558411734;S
20240207;100536;1479.600000000;1;9558412113;S
20240207;100536;1479.600000000;14;9558412136;S
20240207;100538;1479.800000000;10;9558412501;B
20240207;100538;1479.600000000;1;9558412574;S
20240207;100541;1479.800000000;3;9558412932;B
20240207;100541;1479.600000000;124;9558412939;S
20240207;100541;1479.600000000;3;9558412940;S
20240207;100545;1479.600000000;100;9558413556;B
20240207;100547;1479.600000000;3;9558413754;B
20240207;100548;1479.200000000;2;9558414020;S
20240207;100550;1479.200000000;80;9558414257;S
20240207;100550;1479.200000000;108;9558414260;S
20240207;100550;1479.000000000;180;9558414261;S
20240207;100550;1479.000000000;1;9558414262;S
20240207;100550;1479.000000000;4;9558414263;S
20240207;100550;1479.000000000;100;9558414264;S
20240207;100550;1479.000000000;10;9558414265;S
20240207;100550;1479.000000000;10;9558414266;S
20240207;100550;1479.000000000;2;9558414267;S
20240207;100550;1479.000000000;25;9558414268;S
20240207;100550;1479.000000000;26;9558414269;S
20240207;100550;1479.000000000;1;9558414270;S
20240207;100550;1478.800000000;3;9558414271;S
20240207;100550;1478.800000000;25;9558414272;S
20240207;100550;1478.600000000;55;9558414273;S
20240207;100551;1479.400000000;15;9558414476;B
20240207;100551;1479.400000000;5;9558414477;B
20240207;100554;1478.800000000;25;9558414836;S
20240207;100554;1478.800000000;5;9558414837;S
20240207;100554;1478.800000000;13;9558414838;S
20240207;100554;1479.400000000;1;9558414927;B
20240207;100558;1479.400000000;56;9558415645;B
20240207;100603;1479.400000000;133;9558416498;B
20240207;100603;1479.600000000;50;9558416499;B
20240207;100603;1479.600000000;25;9558416500;B
20240207;100603;1479.600000000;25;9558416501;B
20240207;100603;1479.600000000;26;9558416502;B
20240207;100603;1479.600000000;131;9558416503;B
20240207;100603;1479.800000000;20;9558416504;B
20240207;100603;1479.800000000;85;9558416505;B
20240207;100603;1479.800000000;5;9558416506;B
20240207;100614;1479.200000000;10;9558418407;S
20240207;100615;1479.000000000;10;9558418463;S
20240207;100615;1479.000000000;25;9558418464;S
20240207;100615;1479.000000000;25;9558418465;S
20240207;100615;1479.000000000;7;9558418466;S
20240207;100615;1478.800000000;10;9558418467;S
20240207;100615;1478.800000000;57;9558418468;S
20240207;100625;1479.000000000;2;9558420008;S
20240207;100626;1479.000000000;1;9558420281;S
20240207;100626;1479.000000000;25;9558420282;S
20240207;100626;1479.000000000;100;9558420283;S
20240207;100626;1479.000000000;40;9558420284;S
20240207;100626;1478.800000000;133;9558420285;S
20240207;100626;1478.800000000;58;9558420286;S
20240207;100626;1478.800000000;25;9558420287;S
20240207;100626;1478.800000000;24;9558420288;S
20240207;100627;1479.400000000;2;9558420412;B
20240207;100627;1479.400000000;7;9558420421;B
20240207;100632;1478.800000000;9;9558421158;S
20240207;100632;1478.800000000;25;9558421159;S
20240207;100632;1478.600000000;215;9558421160;S
20240207;100632;1478.600000000;300;9558421161;S
20240207;100632;1478.600000000;3;9558421162;S
20240207;100632;1478.600000000;3;9558421163;S
20240207;100632;1478.600000000;3;9558421164;S
20240207;100632;1478.600000000;25;9558421165;S
20240207;100632;1478.600000000;102;9558421166;S
20240207;100632;1478.400000000;70;9558421167;S
20240207;100632;1478.400000000;200;9558421168;S
20240207;100632;1478.400000000;25;9558421169;S
20240207;100632;1478.400000000;726;9558421170;S
20240207;100632;1478.400000000;3;9558421171;S
20240207;100632;1478.400000000;98;9558421172;S
20240207;100632;1478.400000000;5;9558421173;S
20240207;100632;1478.400000000;1;9558421174;S
20240207;100632;1478.400000000;54;9558421175;S
20240207;100632;1478.400000000;150;9558421176;S
20240207;100632;1478.200000000;3;9558421177;S
20240207;100632;1478.200000000;400;9558421178;S
20240207;100632;1478.200000000;4580;9558421179;S
20240207;100635;1479.000000000;1;9558421570;B
20240207;100641;1478.600000000;100;9558422432;S
20240207;100641;1478.600000000;24;9558422433;S
20240207;100641;1478.600000000;1;9558422434;S
20240207;100641;1478.400000000;25;9558422435;S
20240207;100641;1478.400000000;1;9558422436;S
20240207;100641;1478.400000000;80;9558422437;S
20240207;100641;1478.200000000;420;9558422438;S
20240207;100641;1478.200000000;11;9558422439;S
20240207;100641;1478.200000000;1;9558422440;S
20240207;100641;1478.200000000;3;9558422441;S
20240207;100641;1478.200000000;30;9558422442;S
20240207;100641;1478.200000000;2;9558422443;S
20240207;100641;1478.200000000;10;9558422444;S
20240207;100641;1478.200000000;10;9558422445;S
20240207;100641;1478.200000000;41;9558422446;S
20240207;100642;1478.200000000;30;9558422543;S
20240207;100642;1479.000000000;102;9558422579;B
20240207;100642;1479.000000000;98;9558422580;B
20240207;100643;1479.000000000;12;9558422728;B
20240207;100644;1478.600000000;1;9558422869;B
20240207;100645;1478.400000000;4;9558422907;S
20240207;100649;1478.600000000;22;9558423467;B
20240207;100649;1478.800000000;178;9558423468;B
20240207;100650;1478.400000000;1;9558423523;S
20240207;100652;1478.800000000;7;9558423817;B
20240207;100652;1478.800000000;1;9558423818;B
20240207;100654;1478.400000000;70;9558424074;S
20240207;100654;1479.000000000;1;9558424097;B
20240207;100654;1478.400000000;22;9558424114;S
20240207;100656;1479.000000000;14;9558424434;B
20240207;100656;1479.000000000;6;9558424435;S
20240207;100659;1479.200000000;25;9558424755;B
20240207;100659;1479.200000000;70;9558424756;B
20240207;100659;1479.200000000;105;9558424757;B
20240207;100700;1478.600000000;2;9558424828;S
20240207;100700;1478.600000000;24;9558424829;S
20240207;100700;1478.600000000;1;9558424830;S
20240207;100700;1478.600000000;122;9558424831;S
20240207;100700;1478.400000000;100;9558424832;S
20240207;100700;1478.400000000;25;9558424833;S
20240207;100700;1478.400000000;58;9558424834;S
20240207;100701;1478.400000000;7;9558424925;S
20240207;100701;1478.400000000;1;9558424963;S
20240207;100705;1478.400000000;1;9558425570;S
20240207;100706;1478.400000000;3;9558425597;S
20240207;100706;1478.400000000;3;9558425598;S
20240207;100707;1478.600000000;1;9558425771;S
20240207;100707;1478.600000000;23;9558425772;S
20240207;100707;1478.400000000;22;9558425773;S
20240207;100707;1478.400000000;25;9558425774;S
20240207;100707;1478.200000000;120;9558425775;S
20240207;100707;1478.200000000;135;9558425776;S
20240207;100707;1478.200000000;100;9558425777;S
20240207;100707;1478.200000000;100;9558425778;S
20240207;100707;1478.000000000;1352;9558425779;S
20240207;100707;1478.000000000;5;9558425780;S
20240207;100707;1478.000000000;10;9558425781;S
20240207;100707;1478.000000000;400;9558425782;S
20240207;100707;1478.000000000;5;9558425783;S
20240207;100707;1478.000000000;1;9558425784;S
20240207;100707;1478.000000000;1;9558425785;S
20240207;100707;1478.000000000;300;9558425786;S
20240207;100707;1478.000000000;10;9558425787;S
20240207;100707;1478.000000000;25;9558425788;S
20240207;100707;1478.000000000;250;9558425789;S
20240207;100707;1478.000000000;24;9558425790;S
20240207;100707;1478.000000000;54;9558425791;S
20240207;100707;1478.000000000;34;9558425792;S
20240207;100707;1478.000000000;2;9558425793;S
20240207;100707;1478.000000000;10;9558425794;S
20240207;100707;1478.000000000;6;9558425795;S
20240207;100707;1478.000000000;2;9558425796;S
20240207;100707;1478.000000000;2;9558425797;S
20240207;100707;1478.000000000;70;9558425798;S
20240207;100707;1477.800000000;700;9558425799;S
20240207;100707;1477.800000000;15;9558425800;S
20240207;100707;1477.800000000;5;9558425801;S
20240207;100707;1477.800000000;2;9558425802;S
20240207;100707;1477.800000000;10;9558425803;S
20240207;100707;1477.800000000;1000;9558425804;S
20240207;100707;1477.800000000;54;9558425805;S
20240207;100707;1477.800000000;72;9558425806;S
20240207;100707;1477.600000000;1400;9558425807;S
20240207;100707;1477.600000000;10;9558425808;S
20240207;100707;1477.600000000;67;9558425809;S
20240207;100707;1477.600000000;1;9558425810;S
20240207;100707;1477.600000000;20;9558425811;S
20240207;100707;1477.600000000;54;9558425812;S
20240207;100707;1477.600000000;1;9558425813;S
20240207;100707;1477.400000000;1;9558425814;S
20240207;100707;1477.400000000;10;9558425815;S
20240207;100707;1477.400000000;1;9558425816;S
20240207;100707;1477.400000000;6;9558425817;S
20240207;100707;1477.400000000;1;9558425818;S
20240207;100707;1477.400000000;1;9558425819;S
20240207;100707;1477.400000000;2;9558425820;S
20240207;100707;1477.400000000;100;9558425821;S
20240207;100707;1477.400000000;21;9558425822;S
20240207;100707;1477.400000000;221;9558425823;S
20240207;100707;1477.400000000;1;9558425824;S
20240207;100707;1477.400000000;140;9558425825;S
20240207;100707;1477.400000000;150;9558425826;S
20240207;100707;1477.400000000;345;9558425827;S
20240207;100707;1478.400000000;30;9558425856;B
20240207;100707;1478.400000000;30;9558425857;B
20240207;100708;1477.800000000;7;9558425908;S
20240207;100709;1478.400000000;1;9558426102;B
20240207;100710;1478.400000000;24;9558426224;B
20240207;100710;1478.400000000;2;9558426225;B
20240207;100710;1478.400000000;118;9558426226;B
20240207;100710;1478.400000000;356;9558426227;S
20240207;100712;1478.400000000;1;9558426365;B
20240207;100713;1478.400000000;5;9558426609;B
20240207;100718;1477.800000000;1;9558427140;S
20240207;100720;1477.800000000;8;9558427364;S
20240207;100721;1478.200000000;1;9558427517;B
20240207;100726;1478.000000000;2;9558428918;S
20240207;100727;1478.000000000;8;9558428964;S
20240207;100729;1478.200000000;4;9558429493;B
20240207;100731;1478.200000000;1;9558429772;B
20240207;100736;1478.200000000;1;9558430320;B
20240207;100737;1478.200000000;2;9558430549;B
20240207;100737;1478.200000000;2;9558430550;B
20240207;100737;1478.200000000;110;9558430556;B
20240207;100737;1478.400000000;25;9558430557;B
20240207;100737;1478.400000000;1;9558430558;B
20240207;100737;1478.400000000;22;9558430559;B
20240207;100737;1478.400000000;21;9558430560;B
20240207;100743;1478.400000000;71;9558431336;S
20240207;100743;1478.400000000;22;9558431337;S
20240207;100745;1478.200000000;25;9558431437;S
20240207;100745;1478.200000000;9;9558431438;S
20240207;100748;1478.400000000;3;9558431915;B
20240207;100748;1478.400000000;1;9558431957;B
20240207;100750;1478.200000000;3;9558432378;S
20240207;100751;1478.400000000;3;9558432768;B
20240207;100753;1478.200000000;90;9558433110;S
20240207;100753;1478.200000000;62;9558433111;S
20240207;100753;1478.200000000;1;9558433112;S
20240207;100753;1478.200000000;22;9558433113;S
20240207;100753;1478.200000000;50;9558433114;S
20240207;100753;1478.200000000;19;9558433115;S
20240207;100753;1478.200000000;24;9558433116;S
20240207;100753;1478.200000000;2;9558433117;S
20240207;100753;1478.000000000;1;9558433118;S
20240207;100753;1478.000000000;29;9558433119;S
20240207;100753;1478.200000000;1;9558433220;S
20240207;100755;1478.200000000;5;9558433538;S
20240207;100756;1478.200000000;96;9558433687;S
20240207;100756;1478.200000000;4;9558433688;S
20240207;100757;1478.400000000;200;9558434067;B
20240207;100803;1478.800000000;20;9558435849;B
20240207;100808;1478.800000000;25;9558436794;B
20240207;100810;1478.800000000;2;9558437126;B
20240207;100810;1478.400000000;5;9558437127;S
20240207;100812;1478.800000000;2;9558437507;B
20240207;100814;1478.800000000;1;9558437756;B
20240207;100815;1478.400000000;97;9558438013;S
20240207;100815;1478.400000000;22;9558438014;S
20240207;100815;1478.400000000;3;9558438015;S
20240207;100815;1478.400000000;100;9558438016;S
20240207;100815;1478.200000000;25;9558438017;S
20240207;100815;1478.200000000;44;9558438018;S
20240207;100815;1478.200000000;20;9558438019;S
20240207;100815;1478.000000000;388;9558438020;S
20240207;100815;1478.000000000;27;9558438021;S
20240207;100815;1478.000000000;200;9558438022;S
20240207;100815;1478.000000000;103;9558438023;S
20240207;100815;1478.000000000;30;9558438024;S
20240207;100815;1478.000000000;50;9558438025;S
20240207;100815;1478.000000000;1;9558438026;S
20240207;100815;1478.000000000;25;9558438027;S
20240207;100815;1478.000000000;7;9558438028;S
20240207;100815;1478.000000000;2;9558438029;S
20240207;100815;1478.000000000;10;9558438030;S
20240207;100815;1478.000000000;1;9558438031;S
20240207;100815;1477.800000000;2;9558438032;S
20240207;100815;1477.800000000;250;9558438033;S
20240207;100815;1477.800000000;70;9558438034;S
20240207;100815;1477.600000000;2;9558438035;S
20240207;100815;1477.600000000;120;9558438036;S
20240207;100815;1477.600000000;250;9558438037;S
20240207;100815;1477.600000000;2;9558438038;S
20240207;100815;1477.600000000;56;9558438039;S
20240207;100815;1477.400000000;655;9558438040;S
20240207;100815;1477.400000000;10;9558438041;S
20240207;100815;1477.400000000;2;9558438042;S
20240207;100815;1477.400000000;1;9558438043;S
20240207;100815;1477.400000000;1;9558438044;S
20240207;100815;1477.400000000;1;9558438045;S
20240207;100815;1477.400000000;1;9558438046;S
20240207;100815;1477.400000000;1;9558438047;S
20240207;100815;1477.400000000;10;9558438048;S
20240207;100815;1477.400000000;1;9558438049;S
20240207;100815;1477.400000000;8;9558438050;S
20240207;100815;1477.400000000;250;9558438051;S
20240207;100815;1477.400000000;100;9558438052;S
20240207;100815;1477.400000000;23;9558438053;S
20240207;100815;1477.400000000;240;9558438054;S
20240207;100815;1477.400000000;120;9558438055;S
20240207;100815;1477.400000000;10;9558438056;S
20240207;100815;1477.400000000;4;9558438057;S
20240207;100815;1477.400000000;2;9558438058;S
20240207;100815;1477.400000000;135;9558438059;S
20240207;100815;1477.400000000;2;9558438060;S
20240207;100815;1477.400000000;28;9558438061;S
20240207;100815;1477.200000000;2;9558438062;S
20240207;100815;1477.200000000;170;9558438063;S
20240207;100815;1477.200000000;335;9558438064;S
20240207;100815;1477.200000000;481;9558438065;S
20240207;100815;1477.600000000;102;9558438115;S
20240207;100815;1477.400000000;14;9558438116;S
20240207;100816;1477.600000000;1;9558438309;S
20240207;100817;1478.200000000;75;9558438509;B
20240207;100818;1478.200000000;2;9558438658;B
20240207;100819;1478.200000000;12;9558438711;B
20240207;100819;1478.200000000;1;9558438712;B
20240207;100819;1478.200000000;1;9558438713;B
20240207;100819;1478.200000000;3;9558438714;B
20240207;100819;1478.400000000;3;9558438715;B
20240207;100821;1478.200000000;1;9558439163;B
20240207;100821;1478.200000000;2;9558439248;B
20240207;100823;1478.000000000;21;9558439626;S
20240207;100823;1477.800000000;25;9558439627;S
20240207;100823;1477.800000000;102;9558439628;S
20240207;100823;1477.600000000;64;9558439629;S
20240207;100823;1477.600000000;73;9558439630;S
20240207;100823;1477.400000000;25;9558439631;S
20240207;100823;1477.400000000;500;9558439632;S
20240207;100823;1477.400000000;70;9558439633;S
20240207;100823;1477.400000000;4;9558439634;S
20240207;100823;1477.400000000;1;9558439635;S
20240207;100823;1477.200000000;1549;9558439636;S
20240207;100823;1477.200000000;1;9558439637;S
20240207;100823;1477.200000000;1;9558439638;S
20240207;100823;1477.200000000;3;9558439639;S
20240207;100823;1477.200000000;1;9558439640;S
20240207;100823;1477.200000000;101;9558439641;S
20240207;100823;1477.200000000;25;9558439642;S
20240207;100823;1477.200000000;250;9558439643;S
20240207;100823;1477.200000000;2;9558439644;S
20240207;100823;1477.200000000;10;9558439645;S
20240207;100823;1477.200000000;3;9558439646;S
20240207;100823;1477.200000000;350;9558439647;S
20240207;100823;1477.200000000;3;9558439648;S
20240207;100823;1477.200000000;2;9558439649;S
20240207;100823;1477.200000000;145;9558439650;S
20240207;100823;1477.200000000;5;9558439651;S
20240207;100823;1477.200000000;9;9558439652;S
20240207;100823;1477.200000000;1;9558439653;S
20240207;100823;1477.200000000;1;9558439654;S
20240207;100823;1477.200000000;1160;9558439655;S
20240207;100823;1477.600000000;2;9558439941;S
20240207;100823;1477.400000000;25;9558439942;S
20240207;100823;1477.400000000;48;9558439943;S
20240207;100824;1477.400000000;54;9558440130;S
20240207;100824;1477.400000000;37;9558440131;S
20240207;100824;1477.400000000;25;9558440132;S
20240207;100824;1477.200000000;337;9558440133;S
20240207;100825;1477.600000000;1;9558440263;B
20240207;100825;1477.600000000;1;9558440365;B
20240207;100825;1477.800000000;5;9558440366;B
20240207;100826;1477.800000000;4;9558440588;B
20240207;100826;1478.000000000;35;9558440589;B
20240207;100827;1478.000000000;1;9558440729;B
20240207;100828;1478.000000000;1;9558440932;B
20240207;100831;1477.800000000;10;9558441473;B
20240207;100832;1477.800000000;1;9558441775;B
20240207;100836;1477.600000000;1;9558442417;S
20240207;100836;1477.600000000;10;9558442418;S
20240207;100837;1477.800000000;4;9558442703;B
20240207;100838;1477.600000000;1;9558443010;S
20240207;100839;1477.600000000;6;9558443148;S
20240207;100839;1477.600000000;57;9558443149;S
20240207;100839;1477.800000000;3;9558443231;B
20240207;100840;1477.800000000;30;9558443247;B
20240207;100840;1477.600000000;43;9558443278;S
20240207;100840;1477.600000000;21;9558443279;S
20240207;100840;1477.600000000;18;9558443280;S
20240207;100840;1477.400000000;18;9558443281;S
20240207;100841;1477.400000000;1;9558443495;S
20240207;100841;1477.400000000;4;9558443496;S
20240207;100841;1477.400000000;1;9558443497;S
20240207;100842;1477.400000000;1;9558443929;S
20240207;100843;1477.600000000;60;9558444278;B
20240207;100843;1477.600000000;100;9558444279;B
20240207;100843;1477.600000000;100;9558444280;B
20240207;100843;1477.600000000;102;9558444281;B
20240207;100843;1477.800000000;12;9558444282;B
20240207;100843;1477.800000000;100;9558444283;B
20240207;100843;1477.800000000;1;9558444284;B
20240207;100843;1477.800000000;1;9558444285;B
20240207;100843;1477.800000000;1;9558444286;B
20240207;100843;1477.800000000;21;9558444287;B
20240207;100843;1477.800000000;2;9558444288;B
20240207;100846;1477.400000000;69;9558444867;S
20240207;100846;1477.400000000;1;9558444868;S
20240207;100846;1477.400000000;21;9558444869;S
20240207;100846;1477.400000000;9;9558444870;S
20240207;100846;1477.400000000;102;9558444871;S
20240207;100846;1477.200000000;5;9558444872;S
20240207;100848;1477.600000000;10;9558445101;S
20240207;100848;1477.400000000;5;9558445102;S
20240207;100848;1477.200000000;285;9558445103;S
20240207;100850;1477.400000000;2;9558445608;S
20240207;100850;1477.400000000;21;9558445609;S
20240207;100851;1477.200000000;29;9558445811;S
20240207;100852;1477.400000000;10;9558445983;B
20240207;100852;1477.400000000;2;9558446085;B
20240207;100853;1477.400000000;2;9558446176;B
20240207;100855;1477.400000000;15;9558446573;B
20240207;100856;1477.200000000;200;9558446785;S
20240207;100856;1477.400000000;25;9558446814;B
20240207;100856;1477.200000000;500;9558446850;S
20240207;100857;1477.200000000;20;9558447042;S
20240207;100857;1477.200000000;464;9558447098;S
20240207;100857;1477.200000000;100;9558447099;S
20240207;100857;1477.200000000;25;9558447100;S
20240207;100857;1477.200000000;18;9558447101;S
20240207;100857;1477.200000000;21;9558447102;S
20240207;100857;1477.200000000;2;9558447103;S
20240207;100857;1477.200000000;72;9558447104;S
20240207;100857;1477.200000000;100;9558447105;S
20240207;100857;1477.000000000;3;9558447106;S
20240207;100857;1477.000000000;3500;9558447107;S
20240207;100857;1477.000000000;235;9558447108;S
20240207;100857;1477.000000000;101;9558447109;S
20240207;100857;1477.000000000;41;9558447110;S
20240207;100857;1477.000000000;3;9558447111;S
20240207;100857;1477.000000000;1;9558447112;S
20240207;100857;1477.000000000;7;9558447113;S
20240207;100857;1477.000000000;650;9558447114;S
20240207;100857;1477.000000000;67;9558447115;S
20240207;100857;1477.000000000;600;9558447116;S
20240207;100857;1477.000000000;203;9558447117;S
20240207;100857;1477.000000000;10;9558447118;S
20240207;100857;1477.000000000;500;9558447119;S
20240207;100857;1477.000000000;120;9558447120;S
20240207;100857;1477.000000000;68;9558447121;S
20240207;100857;1477.000000000;5;9558447122;S
20240207;100857;1477.000000000;1;9558447123;S
20240207;100857;1477.000000000;20;9558447124;S
20240207;100857;1477.000000000;70;9558447125;S
20240207;100857;1477.000000000;1;9558447126;S
20240207;100857;1477.000000000;3;9558447127;S
20240207;100857;1477.000000000;1;9558447128;S
20240207;100857;1477.000000000;100;9558447129;S
20240207;100857;1477.000000000;2;9558447130;S
20240207;100857;1477.000000000;5;9558447131;S
20240207;100857;1477.000000000;406;9558447132;S
20240207;100857;1477.000000000;1;9558447133;S
20240207;100857;1477.000000000;30;9558447134;S
20240207;100857;1477.000000000;3;9558447135;S
20240207;100857;1477.000000000;150;9558447136;S
20240207;100857;1477.000000000;1;9558447137;S
20240207;100857;1477.000000000;400;9558447138;S
20240207;100857;1477.000000000;676;9558447139;S
20240207;100857;1477.000000000;630;9558447140;S
20240207;100857;1477.000000000;1;9558447141;S
20240207;100857;1477.000000000;30;9558447142;S
20240207;100857;1477.000000000;783;9558447143;S
20240207;100857;1477.000000000;217;9558447147;S
20240207;100857;1477.000000000;4;9558447148;S
20240207;100857;1477.000000000;10;9558447149;S
20240207;100857;1477.000000000;65;9558447150;S
20240207;100857;1477.000000000;60;9558447167;S
20240207;100857;1477.000000000;358;9558447177;S
20240207;100858;1477.000000000;34;9558447246;S
20240207;100859;1477.000000000;1;9558447395;S
20240207;100900;1477.200000000;10;9558447683;B
20240207;100901;1477.200000000;2;9558447907;B
20240207;100904;1477.200000000;100;9558448458;B
20240207;100904;1477.200000000;1;9558448459;B
20240207;100904;1477.200000000;2;9558448460;B
20240207;100904;1477.400000000;1;9558448461;B
20240207;100904;1477.400000000;24;9558448462;B
20240207;100904;1477.400000000;69;9558448463;B
20240207;100904;1477.200000000;135;9558448517;S
20240207;100904;1477.200000000;25;9558448518;S
20240207;100904;1477.200000000;32;9558448519;S
20240207;100904;1477.000000000;152;9558448520;S
20240207;100904;1477.000000000;6;9558448521;S
20240207;100905;1477.400000000;100;9558448710;B
20240207;100908;1477.000000000;4;9558449565;S
20240207;100910;1477.000000000;2;9558449982;S
20240207;100912;1477.000000000;1;9558450556;S
20240207;100914;1477.200000000;1;9558450854;B
20240207;100915;1477.000000000;7;9558450928;S
20240207;100915;1477.000000000;10;9558450929;S
20240207;100915;1477.000000000;1;9558450930;S
20240207;100915;1477.000000000;82;9558450931;S
20240207;100917;1477.200000000;9;9558451206;B
20240207;100917;1477.200000000;16;9558451207;B
20240207;100919;1477.200000000;1;9558451450;B
20240207;100921;1477.200000000;1;9558451695;B
20240207;100921;1477.200000000;4;9558451696;B
20240207;100923;1477.200000000;10;9558452057;S
20240207;100923;1477.200000000;48;9558452058;S
20240207;100923;1477.200000000;40;9558452059;S
20240207;100923;1477.200000000;102;9558452060;S
20240207;100924;1477.400000000;1;9558452261;B
20240207;100924;1477.200000000;5;9558452358;S
20240207;100924;1477.200000000;33;9558452359;S
20240207;100924;1477.000000000;62;9558452360;S
20240207;100926;1477.200000000;2;9558452616;S
20240207;100926;1477.200000000;8;9558452617;S
20240207;100927;1477.400000000;2;9558452767;B
20240207;100930;1477.200000000;1;9558453235;S
20240207;100930;1477.200000000;1;9558453281;S
20240207;100931;1477.200000000;1;9558453378;S
20240207;100931;1477.200000000;1;9558453400;S
20240207;100931;1477.200000000;1;9558453427;S
20240207;100933;1477.400000000;11;9558453742;B
20240207;100933;1477.400000000;1;9558453743;B
20240207;100933;1477.400000000;189;9558453744;B
20240207;100933;1477.400000000;100;9558453745;B
20240207;100934;1477.400000000;3;9558453857;S
20240207;100934;1477.400000000;50;9558453858;S
20240207;100935;1477.800000000;1;9558453998;B
20240207;100936;1477.800000000;1;9558454086;B
20240207;100942;1477.800000000;5;9558455029;B
20240207;100943;1477.600000000;1;9558455180;S
20240207;100944;1477.800000000;2;9558455333;B
20240207;100946;1477.600000000;4;9558455542;S
20240207;100946;1477.600000000;46;9558455543;S
20240207;100946;1477.800000000;18;9558455639;B
20240207;100946;1477.800000000;6;9558455640;B
20240207;100946;1477.800000000;176;9558455641;B
20240207;100947;1477.800000000;11;9558455783;B
20240207;100947;1477.800000000;1;9558455788;B
20240207;100947;1478.000000000;10;9558455789;B
20240207;100949;1477.600000000;1;9558455993;B
20240207;100949;1477.600000000;5;9558456049;B
20240207;100950;1477.600000000;3;9558456153;B
20240207;100951;1477.400000000;3;9558456332;S
20240207;100956;1477.400000000;5;9558456997;S
20240207;100956;1477.400000000;2;9558456998;S
20240207;100957;1477.600000000;5;9558457112;B
20240207;100958;1477.600000000;1;9558457243;B
20240207;100959;1477.600000000;1;9558457469;B
20240207;101001;1477.600000000;5;9558457782;B
20240207;101002;1477.600000000;5;9558457989;B
20240207;101003;1477.600000000;5;9558458078;B
20240207;101004;1477.600000000;1;9558458173;B
20240207;101005;1477.600000000;2;9558458326;B
20240207;101005;1477.600000000;25;9558458363;B
20240207;101005;1477.800000000;47;9558458364;B
20240207;101005;1477.800000000;10;9558458365;B
20240207;101005;1478.000000000;218;9558458366;B
20240207;101007;1477.800000000;1;9558458651;S
20240207;101007;1477.800000000;1;9558458652;S
20240207;101007;1477.800000000;1;9558458653;S
20240207;101009;1478.000000000;30;9558458890;B
20240207;101011;1477.800000000;1;9558459185;S
20240207;101011;1477.800000000;6;9558459186;S
20240207;101016;1477.600000000;1;9558459936;S
20240207;101019;1477.800000000;60;9558460244;B
20240207;101019;1477.600000000;1;9558460280;S
20240207;101020;1477.800000000;3;9558460411;B
20240207;101021;1477.800000000;55;9558460683;B
20240207;101021;1477.800000000;2;9558460684;B
20240207;101022;1477.800000000;14;9558460827;B
20240207;101023;1477.800000000;2;9558460869;B
20240207;101023;1477.600000000;3;9558460951;S
20240207;101026;1477.800000000;13;9558461342;B
20240207;101026;1477.800000000;51;9558461343;B
20240207;101029;1478.000000000;83;9558461693;B
20240207;101029;1478.000000000;2;9558461694;B
20240207;101029;1478.000000000;5;9558461695;B
20240207;101029;1478.000000000;8;9558461696;B
20240207;101029;1478.000000000;4;9558461697;B
20240207;101029;1478.000000000;12;9558461698;B
20240207;101029;1478.000000000;54;9558461699;B
20240207;101029;1478.000000000;82;9558461700;B
20240207;101029;1477.800000000;2;9558461732;S
20240207;101029;1478.000000000;8;9558461756;B
20240207;101030;1478.000000000;15;9558461826;B
20240207;101030;1478.000000000;31;9558461836;B
20240207;101030;1478.200000000;19;9558461837;B
20240207;101030;1478.200000000;1;9558461855;B
20240207;101031;1477.800000000;82;9558461911;S
20240207;101031;1477.800000000;41;9558461912;S
20240207;101034;1478.200000000;6;9558462389;B
20240207;101034;1478.200000000;22;9558462390;B
20240207;101034;1478.400000000;12;9558462391;B
20240207;101039;1478.400000000;3;9558463079;B
20240207;101040;1478.400000000;20;9558463401;B
20240207;101040;1478.400000000;13;9558463402;B
20240207;101040;1478.200000000;8;9558463482;S
20240207;101041;1478.400000000;1;9558463662;B
20240207;101041;1478.400000000;1;9558463772;B
20240207;101044;1478.200000000;12;9558463995;S
20240207;101044;1478.200000000;3;9558463996;S
20240207;101044;1478.200000000;1;9558464069;S
20240207;101044;1478.400000000;25;9558464071;B
20240207;101045;1478.400000000;5;9558464258;B
20240207;101045;1478.200000000;4;9558464293;S
20240207;101045;1478.200000000;3;9558464294;S
20240207;101045;1478.200000000;1;9558464295;S
20240207;101045;1478.000000000;102;9558464296;S
20240207;101045;1478.000000000;42;9558464297;S
20240207;101045;1477.800000000;1;9558464298;S
20240207;101045;1477.800000000;67;9558464299;S
20240207;101045;1477.800000000;25;9558464300;S
20240207;101045;1477.800000000;44;9558464301;S
20240207;101045;1477.600000000;1;9558464302;S
20240207;101045;1477.600000000;10;9558464303;S
20240207;101047;1478.400000000;4;9558464499;B
20240207;101047;1478.400000000;5;9558464583;B
20240207;101047;1478.400000000;10;9558464584;B
20240207;101047;1478.400000000;75;9558464585;B
20240207;101047;1478.600000000;10;9558464586;B
20240207;101047;1478.600000000;54;9558464587;B
20240207;101047;1478.600000000;44;9558464588;B
20240207;101047;1478.600000000;182;9558464589;B
20240207;101053;1478.400000000;38;9558465264;S
20240207;101054;1478.400000000;25;9558465424;S
20240207;101054;1478.200000000;102;9558465425;S
20240207;101054;1478.000000000;25;9558465426;S
20240207;101054;1478.000000000;6;9558465427;S
20240207;101054;1478.000000000;25;9558465428;S
20240207;101054;1478.000000000;43;9558465429;S
20240207;101055;1478.000000000;13;9558465564;B
20240207;101055;1478.000000000;50;9558465604;B
20240207;101056;1478.000000000;2;9558465726;B
20240207;101057;1477.800000000;20;9558465856;S
20240207;101058;1477.800000000;39;9558466005;S
20240207;101058;1477.800000000;25;9558466006;S
20240207;101058;1477.800000000;42;9558466007;S
20240207;101058;1477.800000000;47;9558466008;S
20240207;101059;1478.000000000;12;9558466144;B
20240207;101100;1478.400000000;2;9558466202;B
20240207;101101;1478.400000000;1;9558466339;B
20240207;101104;1478.400000000;2;9558467181;B
20240207;101104;1478.400000000;2;9558467182;B
20240207;101106;1478.200000000;3;9558467463;S
20240207;101106;1478.000000000;10;9558467464;S
20240207;101114;1478.400000000;2;9558468648;B
20240207;101116;1478.400000000;1;9558468903;B
20240207;101117;1478.200000000;102;9558469116;S
20240207;101117;1478.200000000;41;9558469117;S
20240207;101118;1478.200000000;1;9558469242;B
20240207;101122;1478.000000000;1;9558469734;S
20240207;101122;1478.200000000;56;9558469756;B
20240207;101122;1478.200000000;88;9558469757;B
20240207;101122;1478.400000000;8;9558469758;B
20240207;101122;1478.400000000;1;9558469759;B
20240207;101122;1478.400000000;41;9558469760;B
20240207;101122;1478.400000000;6;9558469761;B
20240207;101124;1478.000000000;10;9558470052;S
20240207;101127;1478.400000000;2;9558470496;B
20240207;101127;1478.400000000;8;9558470551;B
20240207;101127;1478.200000000;51;9558470553;S
20240207;101128;1478.400000000;9;9558470621;B
20240207;101128;1478.400000000;1;9558470646;B
20240207;101132;1478.400000000;8;9558471133;B
20240207;101133;1478.400000000;2;9558471304;B
20240207;101133;1478.400000000;50;9558471364;B
20240207;101135;1478.400000000;12;9558471489;B
20240207;101135;1478.400000000;27;9558471577;B
20240207;101136;1478.400000000;1;9558471708;B
20240207;101137;1478.400000000;5;9558471796;B
20240207;101137;1478.400000000;1;9558471828;B
20240207;101140;1478.400000000;13;9558472088;B
20240207;101142;1478.400000000;1;9558472400;B
20240207;101144;1478.400000000;5;9558472710;B
20240207;101144;1478.200000000;10;9558472731;S
20240207;101146;1478.200000000;12;9558472978;S
20240207;101146;1478.400000000;49;9558473013;B
20240207;101146;1478.600000000;1;9558473014;B
20240207;101149;1478.600000000;24;9558473528;B
20240207;101151;1478.400000000;13;9558473780;S
20240207;101151;1478.400000000;2;9558474014;S
20240207;101157;1478.400000000;5;9558475209;S
20240207;101158;1478.600000000;1;9558475347;B
20240207;101158;1478.600000000;54;9558475348;B
20240207;101158;1478.800000000;1;9558475349;B
20240207;101158;1478.800000000;2;9558475350;B
20240207;101158;1478.800000000;2;9558475351;B
20240207;101158;1478.800000000;1;9558475352;B
20240207;101158;1478.800000000;6;9558475353;B
20240207;101158;1478.800000000;54;9558475354;B
20240207;101158;1478.800000000;135;9558475355;B
20240207;101158;1478.800000000;40;9558475356;B
20240207;101158;1479.000000000;7;9558475357;B
20240207;101158;1479.000000000;34;9558475358;B
20240207;101158;1479.000000000;1;9558475359;B
20240207;101158;1479.000000000;54;9558475360;B
20240207;101158;1479.000000000;2;9558475361;B
20240207;101158;1479.000000000;25;9558475362;B
20240207;101158;1479.000000000;199;9558475363;B
20240207;101158;1479.200000000;1;9558475364;B
20240207;101158;1479.400000000;20;9558475365;B
20240207;101158;1479.400000000;1;9558475366;B
20240207;101158;1479.400000000;10;9558475367;B
20240207;101158;1479.400000000;70;9558475368;B
20240207;101158;1479.400000000;80;9558475369;B
20240207;101158;1479.600000000;6;9558475370;B
20240207;101158;1479.600000000;10;9558475371;B
20240207;101158;1479.600000000;1;9558475372;B
20240207;101158;1479.600000000;1;9558475373;B
20240207;101158;1479.600000000;1;9558475374;B
20240207;101158;1479.600000000;1;9558475375;B
20240207;101158;1479.600000000;1;9558475376;B
20240207;101158;1479.600000000;1;9558475377;B
20240207;101158;1479.600000000;1;9558475378;B
20240207;101158;1479.800000000;55;9558475379;B
20240207;101158;1479.800000000;1;9558475380;B
20240207;101158;1479.800000000;1;9558475381;B
20240207;101158;1479.800000000;1;9558475382;B
20240207;101158;1479.800000000;16;9558475383;B
20240207;101158;1479.800000000;272;9558475384;B
20240207;101158;1479.800000000;500;9558475385;B
20240207;101158;1479.800000000;56;9558475386;B
20240207;101158;1480.000000000;17;9558475387;B
20240207;101158;1480.000000000;10;9558475388;B
20240207;101158;1480.000000000;170;9558475389;B
20240207;101158;1480.000000000;2;9558475390;B
20240207;101158;1480.000000000;1;9558475391;B
20240207;101158;1480.000000000;1;9558475392;B
20240207;101158;1480.000000000;50;9558475393;B
20240207;101158;1480.000000000;700;9558475394;B
20240207;101158;1480.200000000;25;9558475395;B
20240207;101158;1480.200000000;6;9558475396;B
20240207;101158;1480.200000000;40;9558475397;B
20240207;101158;1480.400000000;850;9558475398;B
20240207;101158;1480.600000000;20;9558475399;B
20240207;101158;1480.600000000;19;9558475400;B
20240207;101158;1480.600000000;1400;9558475401;B
20240207;101158;1480.800000000;11;9558475402;B
20240207;101158;1480.800000000;700;9558475403;B
20240207;101158;1480.800000000;261;9558475404;B
20240207;101159;1480.200000000;70;9558475588;B
20240207;101159;1480.000000000;1;9558475617;S
20240207;101159;1480.200000000;18;9558475727;B
20240207;101159;1480.200000000;54;9558475728;B
20240207;101159;1480.400000000;54;9558475729;B
20240207;101159;1480.400000000;74;9558475730;B
20240207;101202;1480.400000000;3;9558476037;B
20240207;101202;1480.200000000;1;9558476139;S
20240207;101208;1480.400000000;1;9558476998;B
20240207;101209;1480.400000000;30;9558477223;B
20240207;101212;1480.400000000;1;9558477822;B
20240207;101214;1480.400000000;8;9558478035;B
20240207;101215;1480.200000000;2;9558478254;S
20240207;101216;1480.400000000;1;9558478389;B
20240207;101216;1480.400000000;1;9558478418;B
20240207;101216;1480.400000000;16;9558478463;B
20240207;101216;1480.400000000;13;9558478464;B
20240207;101217;1480.400000000;1;9558478620;B
20240207;101218;1480.200000000;70;9558478830;S
20240207;101218;1480.200000000;1;9558478831;S
20240207;101218;1480.200000000;38;9558478832;S
20240207;101220;1480.200000000;617;9558479040;B
20240207;101220;1480.200000000;135;9558479041;B
20240207;101220;1480.200000000;192;9558479042;B
20240207;101220;1480.400000000;24;9558479043;B
20240207;101220;1480.400000000;5;9558479044;B
20240207;101220;1480.400000000;25;9558479045;B
20240207;101220;1480.400000000;2;9558479046;B
20240207;101220;1480.600000000;1;9558479057;B
20240207;101220;1480.600000000;1;9558479061;B
20240207;101220;1480.600000000;1;9558479120;B
20240207;101225;1480.000000000;7;9558480015;S
20240207;101227;1480.600000000;2;9558480410;B
20240207;101230;1480.400000000;16;9558480975;B
20240207;101230;1480.400000000;135;9558480976;B
20240207;101230;1480.600000000;49;9558480977;B
20240207;101230;1480.600000000;10;9558480978;B
20240207;101231;1480.400000000;5;9558481099;B
20240207;101233;1480.200000000;4;9558481308;S
20240207;101237;1480.000000000;13;9558482024;S
20240207;101238;1480.400000000;25;9558482140;B
20240207;101239;1480.000000000;1;9558482243;S
20240207;101241;1480.400000000;2;9558482825;B
20240207;101245;1480.400000000;1;9558483660;B
20240207;101246;1480.200000000;5;9558483737;S
20240207;101246;1480.400000000;5;9558483747;B
20240207;101247;1480.400000000;1;9558483855;B
20240207;101247;1480.000000000;1;9558483856;S
20240207;101248;1480.400000000;3;9558484043;B
20240207;101248;1480.400000000;2;9558484044;B
20240207;101250;1480.200000000;1;9558484302;S
20240207;101252;1480.200000000;1;9558484654;S
20240207;101252;1480.400000000;2;9558484676;B
20240207;101255;1480.400000000;1;9558485116;B
20240207;101256;1480.400000000;6;9558485241;B
20240207;101300;1480.400000000;5;9558485874;B
20240207;101303;1480.400000000;38;9558486509;B
20240207;101303;1480.600000000;54;9558486510;B
20240207;101303;1480.600000000;37;9558486511;B
20240207;101303;1480.600000000;187;9558486512;B
20240207;101303;1480.600000000;24;9558486513;B
20240207;101303;1480.600000000;135;9558486514;B
20240207;101303;1480.600000000;60;9558486515;B
20240207;101303;1480.800000000;54;9558486516;B
20240207;101303;1480.800000000;25;9558486517;B
20240207;101303;1481.000000000;10;9558486518;B
20240207;101303;1481.000000000;100;9558486519;B
20240207;101303;1481.000000000;100;9558486520;B
20240207;101303;1481.000000000;200;9558486521;B
20240207;101303;1481.000000000;50;9558486522;B
20240207;101303;1481.200000000;5;9558486523;B
20240207;101303;1481.400000000;200;9558486524;B
20240207;101303;1481.600000000;3;9558486525;B
20240207;101303;1481.600000000;1;9558486526;B
20240207;101303;1481.800000000;3;9558486527;B
20240207;101303;1481.800000000;4;9558486528;B
20240207;101303;1481.800000000;5;9558486529;B
20240207;101303;1481.800000000;5;9558486530;B
20240207;101306;1480.800000000;1;9558486935;S
20240207;101307;1481.200000000;4;9558487155;B
20240207;101313;1481.000000000;15;9558487891;B
20240207;101314;1481.000000000;2;9558487910;B
20240207;101315;1481.000000000;2;9558488162;B
20240207;101316;1481.000000000;36;9558488239;B
20240207;101316;1480.800000000;7;9558488268;S
20240207;101316;1480.800000000;1;9558488300;S
20240207;101317;1481.000000000;1;9558488446;B
20240207;101320;1481.000000000;3;9558488908;B
20240207;101321;1481.000000000;10;9558489055;B
20240207;101322;1480.800000000;94;9558489217;S
20240207;101322;1480.800000000;1;9558489218;S
20240207;101322;1480.800000000;5;9558489219;S
20240207;101322;1481.000000000;3;9558489242;B
20240207;101322;1481.000000000;2;9558489260;B
20240207;101322;1481.000000000;4;9558489311;B
20240207;101325;1481.000000000;4;9558489836;B
20240207;101325;1480.800000000;19;9558489927;S
20240207;101328;1480.800000000;2;9558490580;B
20240207;101329;1480.800000000;52;9558490743;B
20240207;101329;1480.800000000;135;9558490744;B
20240207;101329;1480.800000000;16;9558490745;B
20240207;101329;1480.800000000;97;9558490746;B
20240207;101334;1480.600000000;50;9558491550;S
20240207;101334;1480.800000000;54;9558491624;B
20240207;101334;1480.800000000;8;9558491625;B
20240207;101334;1480.800000000;1;9558491626;B
20240207;101334;1480.800000000;102;9558491627;B
20240207;101334;1481.000000000;54;9558491628;B
20240207;101334;1481.000000000;35;9558491629;B
20240207;101334;1481.000000000;146;9558491630;B
20240207;101338;1481.000000000;10;9558492220;B
20240207;101339;1481.000000000;1;9558492304;B
20240207;101341;1480.800000000;6;9558492483;S
20240207;101343;1481.000000000;1;9558492743;B
20240207;101343;1480.800000000;14;9558492859;S
20240207;101343;1480.800000000;8;9558492860;S
20240207;101343;1480.600000000;35;9558492861;S
20240207;101343;1480.600000000;37;9558492862;S
20240207;101345;1480.600000000;1;9558493030;B
20240207;101347;1480.600000000;10;9558493395;B
20240207;101350;1480.600000000;10;9558493770;B
20240207;101351;1480.200000000;200;9558493908;S
20240207;101352;1480.400000000;10;9558494047;B
20240207;101353;1480.400000000;92;9558494155;B
20240207;101353;1480.600000000;38;9558494156;B
20240207;101354;1480.600000000;10;9558494361;B
20240207;101355;1480.600000000;1;9558494426;B
20240207;101355;1480.600000000;36;9558494433;B
20240207;101355;1480.800000000;10;9558494474;B
20240207;101356;1481.000000000;10;9558494643;B
20240207;101357;1481.000000000;21;9558494809;B
20240207;101357;1480.600000000;8;9558494830;S
20240207;101359;1481.000000000;3;9558495223;B
20240207;101359;1481.000000000;7;9558495224;B
20240207;101401;1480.600000000;2;9558495471;S
20240207;101402;1481.200000000;3;9558495574;B
20240207;101402;1481.200000000;3;9558495609;B
20240207;101402;1481.200000000;3;9558495633;B
20240207;101402;1481.200000000;3;9558495677;B
20240207;101402;1481.200000000;3;9558495709;B
20240207;101402;1481.200000000;3;9558495755;B
20240207;101403;1481.200000000;3;9558495769;B
20240207;101403;1481.200000000;10;9558495774;B
20240207;101403;1481.200000000;3;9558495788;B
20240207;101403;1481.200000000;3;9558495813;B
20240207;101403;1481.200000000;3;9558495850;B
20240207;101403;1481.200000000;3;9558495860;B
20240207;101403;1481.200000000;3;9558495883;B
20240207;101404;1481.200000000;3;9558495898;B
20240207;101404;1481.200000000;3;9558495908;B
20240207;101404;1481.200000000;3;9558495915;B
20240207;101404;1480.600000000;4;9558495957;S
20240207;101406;1481.200000000;10;9558496091;B
20240207;101407;1481.200000000;30;9558496361;B
20240207;101407;1481.200000000;30;9558496398;B
20240207;101408;1481.200000000;10;9558496576;B
20240207;101411;1481.200000000;10;9558496885;B
20240207;101411;1481.200000000;3;9558497316;B
20240207;101412;1481.000000000;1;9558497425;B
20240207;101412;1481.000000000;3;9558497444;B
20240207;101412;1481.000000000;7;9558497465;B
20240207;101412;1481.000000000;1;9558497479;B
20240207;101412;1481.200000000;2;9558497480;B
20240207;101412;1481.200000000;5;9558497538;B
20240207;101412;1481.200000000;3;9558497540;B
20240207;101412;1481.200000000;3;9558497592;B
20240207;101412;1481.200000000;3;9558497609;B
20240207;101412;1481.200000000;3;9558497632;B
20240207;101413;1481.200000000;3;9558497652;B
20240207;101413;1481.200000000;10;9558497715;B
20240207;101414;1481.200000000;10;9558497787;B
20240207;101416;1481.200000000;10;9558498083;B
20240207;101416;1481.200000000;10;9558498114;B
20240207;101417;1481.000000000;18;9558498325;S
20240207;101418;1480.800000000;1;9558498419;S
20240207;101420;1481.000000000;10;9558498736;B
20240207;101420;1481.000000000;1;9558498804;B
20240207;101422;1481.000000000;1;9558499030;B
20240207;101423;1481.000000000;10;9558499128;B
20240207;101426;1481.000000000;10;9558499486;B
20240207;101426;1480.800000000;1;9558499516;S
20240207;101427;1481.000000000;1;9558499751;B
20240207;101428;1480.800000000;69;9558499863;S
20240207;101428;1480.800000000;31;9558499864;S
20240207;101429;1481.000000000;10;9558500090;B
20240207;101430;1480.800000000;1;9558500238;B
20240207;101434;1481.000000000;10;9558500788;B
20240207;101437;1480.800000000;40;9558501197;B
20240207;101437;1480.800000000;1;9558501228;B
20240207;101438;1480.800000000;10;9558501457;B
20240207;101440;1480.800000000;3;9558501614;B
20240207;101440;1480.800000000;4;9558501615;B
20240207;101441;1480.600000000;4;9558501734;S
20240207;101441;1480.600000000;6;9558501735;S
20240207;101441;1480.800000000;1;9558501845;B
20240207;101445;1480.400000000;5;9558502497;S
20240207;101447;1480.800000000;2;9558502830;B
20240207;101447;1480.800000000;5;9558502831;B
20240207;101447;1480.800000000;73;9558502832;B
20240207;101453;1480.600000000;32;9558503582;S
20240207;101453;1480.400000000;34;9558503583;S
20240207;101505;1480.800000000;5;9558505412;B
20240207;101505;1480.800000000;33;9558505413;B
20240207;101505;1481.000000000;12;9558505414;B
20240207;101509;1481.000000000;47;9558506104;B
20240207;101509;1481.000000000;2;9558506105;B
20240207;101509;1481.000000000;5;9558506106;B
20240207;101509;1481.000000000;37;9558506107;B
20240207;101513;1481.000000000;9;9558507221;B
20240207;101517;1481.000000000;10;9558508304;B
20240207;101520;1480.800000000;1;9558508905;S
20240207;101520;1480.800000000;31;9558508906;S
20240207;101520;1480.600000000;46;9558508907;S
20240207;101520;1480.600000000;25;9558508908;S
20240207;101520;1480.400000000;156;9558508909;S
20240207;101520;1480.400000000;30;9558508910;S
20240207;101520;1480.400000000;102;9558508911;S
20240207;101520;1480.400000000;18;9558508912;S
20240207;101520;1480.400000000;97;9558508913;S
20240207;101520;1480.400000000;10;9558508914;S
20240207;101520;1480.400000000;272;9558508915;S
20240207;101520;1480.200000000;213;9558508916;S
20240207;101524;1480.400000000;2;9558509763;S
20240207;101525;1481.000000000;44;9558509998;B
20240207;101525;1481.000000000;33;9558509999;B
20240207;101525;1481.000000000;95;9558510000;B
20240207;101525;1481.200000000;5;9558510001;B
20240207;101525;1481.200000000;31;9558510002;B
20240207;101525;1481.200000000;53;9558510003;B
20240207;101530;1481.000000000;2;9558510897;B
20240207;101533;1481.000000000;3;9558511585;B
20240207;101533;1480.600000000;7;9558511720;S
20240207;101534;1481.000000000;1;9558511799;B
20240207;101538;1481.000000000;1;9558512612;B
20240207;101540;1481.000000000;40;9558512929;B
20240207;101540;1481.000000000;2;9558512930;B
20240207;101540;1481.000000000;1;9558512931;B
20240207;101540;1481.200000000;1;9558513032;B
20240207;101540;1481.200000000;1;9558513044;B
20240207;101540;1481.000000000;1;9558513078;S
20240207;101540;1481.200000000;1;9558513105;B
20240207;101540;1481.400000000;2;9558513106;B
20240207;101541;1481.400000000;48;9558513314;B
20240207;101541;1481.400000000;2;9558513315;B
20240207;101541;1481.200000000;1;9558513351;S
20240207;101542;1481.400000000;1;9558513571;B
20240207;101543;1481.400000000;3;9558513848;B
20240207;101544;1481.400000000;2;9558514058;B
20240207;101544;1481.400000000;1;9558514177;B
20240207;101545;1481.400000000;1;9558514251;B
20240207;101545;1481.400000000;1;9558514344;B
20240207;101547;1481.200000000;1;9558514640;S
20240207;101550;1481.600000000;8;9558515201;B
20240207;101553;1481.800000000;1;9558515828;B
20240207;101553;1481.800000000;9;9558515829;B
20240207;101553;1481.600000000;1;9558515981;S
20240207;101555;1481.600000000;299;9558516385;S
20240207;101557;1481.400000000;100;9558516979;S
20240207;101558;1481.600000000;30;9558517356;B
20240207;101558;1481.600000000;24;9558517357;B
20240207;101558;1481.800000000;25;9558517358;B
20240207;101558;1481.800000000;137;9558517359;B
20240207;101558;1481.800000000;6;9558517360;B
20240207;101558;1481.800000000;78;9558517361;B
20240207;101600;1481.800000000;1;9558517752;B
20240207;101600;1481.800000000;24;9558517813;B
20240207;101600;1481.800000000;12;9558517814;B
20240207;101600;1482.000000000;40;9558517815;B
20240207;101600;1481.200000000;1;9558517916;S
20240207;101606;1481.600000000;3;9558519147;B
20240207;101607;1481.600000000;1;9558519552;B
20240207;101611;1481.200000000;10;9558520258;S
20240207;101612;1481.600000000;4;9558520415;B
20240207;101612;1481.200000000;91;9558520509;S
20240207;101612;1481.000000000;67;9558520510;S
20240207;101612;1481.000000000;25;9558520511;S
20240207;101612;1481.000000000;18;9558520512;S
20240207;101619;1481.600000000;1;9558522058;B
20240207;101621;1481.600000000;1;9558522583;B
20240207;101622;1481.600000000;3;9558522881;B
20240207;101628;1481.600000000;1;9558524370;B
20240207;101632;1481.600000000;10;9558525445;S
20240207;101632;1481.400000000;5;9558525446;S
20240207;101643;1481.400000000;1;9558528498;B
20240207;101645;1481.400000000;1;9558528792;B
20240207;101645;1481.400000000;1;9558529039;B
20240207;101645;1481.200000000;7;9558529040;S
20240207;101645;1481.200000000;43;9558529041;S
20240207;101651;1481.200000000;1;9558530520;S
20240207;101652;1481.400000000;2;9558530561;B
20240207;101655;1481.400000000;1;9558531096;B
20240207;101656;1481.200000000;18;9558531319;S
20240207;101656;1481.400000000;2;9558531353;B
20240207;101657;1481.400000000;2;9558531425;B
20240207;101657;1481.400000000;10;9558531532;B
20240207;101657;1481.400000000;1;9558531541;B
20240207;101658;1481.200000000;1;9558531653;S
20240207;101703;1481.200000000;1;9558533022;S
20240207;101704;1481.400000000;2;9558533113;B
20240207;101704;1481.400000000;1;9558533158;B
20240207;101706;1481.400000000;12;9558533374;B
20240207;101708;1481.200000000;56;9558533688;S
20240207;101709;1481.000000000;7;9558533752;S
20240207;101709;1481.000000000;3;9558533753;S
20240207;101709;1480.800000000;23;9558533754;S
20240207;101723;1481.000000000;10;9558536526;B
20240207;101725;1481.200000000;44;9558536773;B
20240207;101725;1481.400000000;24;9558536774;B
20240207;101725;1481.400000000;25;9558536775;B
20240207;101725;1481.400000000;27;9558536776;B
20240207;101726;1481.600000000;1;9558537055;B
20240207;101733;1481.400000000;4;9558538343;B
20240207;101733;1481.600000000;9;9558538344;B
20240207;101733;1481.400000000;2;9558538505;B
20240207;101733;1481.600000000;4;9558538506;B
20240207;101736;1481.600000000;1;9558539106;B
20240207;101739;1481.600000000;2;9558539734;B
20240207;101740;1481.600000000;2;9558539908;B
20240207;101740;1481.600000000;1;9558539995;B
20240207;101741;1481.600000000;2;9558540006;B
20240207;101742;1481.600000000;20;9558540358;B
20240207;101742;1481.400000000;3;9558540363;S
20240207;101744;1481.400000000;7;9558540704;S
20240207;101746;1481.600000000;1;9558541157;B
20240207;101752;1481.600000000;1;9558542236;B
20240207;101752;1481.400000000;1;9558542296;S
20240207;101753;1481.400000000;1;9558542547;S
20240207;101756;1481.600000000;3;9558542978;B
20240207;101756;1481.600000000;1;9558543003;B
20240207;101757;1481.400000000;2;9558543140;S
20240207;101757;1481.400000000;1;9558543212;S
20240207;101759;1481.600000000;1;9558543646;B
20240207;101759;1481.600000000;1;9558543659;B
20240207;101759;1481.400000000;7;9558543746;S
20240207;101759;1481.400000000;1;9558543751;S
20240207;101759;1481.400000000;4;9558543756;S
20240207;101800;1481.400000000;4;9558543758;S
20240207;101800;1481.400000000;4;9558543764;S
20240207;101800;1481.400000000;4;9558543776;S
20240207;101800;1481.400000000;3;9558543796;S
20240207;101800;1481.400000000;6;9558543798;S
20240207;101800;1481.400000000;2;9558543806;S
20240207;101801;1481.600000000;28;9558544051;B
20240207;101801;1481.400000000;3;9558544082;S
20240207;101803;1481.400000000;47;9558544309;S
20240207;101803;1481.400000000;25;9558544310;S
20240207;101803;1481.200000000;28;9558544311;S
20240207;101803;1481.000000000;134;9558544312;S
20240207;101803;1480.800000000;25;9558544313;S
20240207;101803;1480.800000000;121;9558544314;S
20240207;101804;1481.400000000;5;9558544591;B
20240207;101807;1481.400000000;1;9558544873;B
20240207;101815;1480.800000000;28;9558546045;S
20240207;101815;1480.800000000;75;9558546046;S
20240207;101815;1480.600000000;54;9558546047;S
20240207;101815;1480.600000000;25;9558546048;S
20240207;101815;1480.600000000;1;9558546049;S
20240207;101815;1480.600000000;134;9558546050;S
20240207;101815;1480.600000000;25;9558546051;S
20240207;101815;1480.400000000;2;9558546052;S
20240207;101815;1480.400000000;54;9558546053;S
20240207;101815;1480.400000000;2;9558546054;S
20240207;101818;1481.000000000;4;9558546503;B
20240207;101819;1481.000000000;35;9558546528;B
20240207;101825;1481.000000000;30;9558547627;B
20240207;101826;1481.000000000;1;9558547663;B
20240207;101826;1481.000000000;1;9558547664;B
20240207;101826;1481.000000000;1;9558547665;B
20240207;101826;1481.000000000;1;9558547666;B
20240207;101826;1481.000000000;1;9558547667;B
20240207;101826;1481.000000000;1;9558547668;B
20240207;101826;1481.000000000;1;9558547669;B
20240207;101826;1481.000000000;102;9558547670;B
20240207;101826;1481.200000000;25;9558547671;B
20240207;101826;1481.200000000;25;9558547672;B
20240207;101826;1481.200000000;190;9558547673;B
20240207;101826;1481.200000000;28;9558547674;B
20240207;101826;1481.400000000;81;9558547675;B
20240207;101826;1481.400000000;48;9558547676;B
20240207;101830;1480.800000000;2;9558548734;S
20240207;101837;1481.400000000;1;9558549759;B
20240207;101841;1481.400000000;10;9558550205;B
20240207;101842;1481.400000000;2;9558550446;B
20240207;101848;1481.400000000;1;9558551293;B
20240207;101851;1481.000000000;1;9558551680;S
20240207;101852;1481.400000000;7;9558551860;B
20240207;101852;1481.400000000;10;9558551866;B
20240207;101853;1481.000000000;1;9558551999;S
20240207;101856;1481.200000000;1;9558552660;B
20240207;101856;1481.400000000;7;9558552661;B
20240207;101900;1481.000000000;8;9558553175;S
20240207;101900;1481.000000000;2;9558553176;S
20240207;101907;1481.400000000;3;9558554965;B
20240207;101907;1481.400000000;4;9558554990;B
20240207;101910;1481.400000000;6;9558555422;B
20240207;101910;1481.400000000;4;9558555423;B
20240207;101912;1481.000000000;8;9558555661;S
20240207;101912;1481.000000000;10;9558555662;S
20240207;101912;1481.000000000;28;9558555663;S
20240207;101912;1481.000000000;8;9558555696;B
20240207;101913;1481.000000000;2;9558555737;B
20240207;101915;1481.000000000;10;9558556056;B
20240207;101916;1481.000000000;10;9558556095;B
20240207;101917;1481.000000000;3;9558556447;B
20240207;101917;1481.000000000;2;9558556456;B
20240207;101918;1481.000000000;10;9558556549;B
20240207;101920;1481.000000000;1;9558556790;B
20240207;101921;1480.800000000;2;9558557011;S
20240207;101922;1481.000000000;8;9558557147;B
20240207;101924;1481.000000000;3;9558557420;B
20240207;101924;1481.000000000;7;9558557421;B
20240207;101926;1480.800000000;1;9558557765;S
20240207;101926;1480.800000000;6;9558557766;S
20240207;101932;1480.800000000;5;9558558504;B
20240207;101934;1480.800000000;7;9558558731;B
20240207;101937;1480.800000000;2;9558559236;B
20240207;101944;1480.800000000;88;9558560633;B
20240207;101944;1480.800000000;1;9558560634;B
20240207;101944;1480.800000000;1;9558560635;B
20240207;101944;1480.800000000;10;9558560636;B
20240207;101946;1480.800000000;1;9558560933;B
20240207;101955;1480.800000000;9;9558562051;B
20240207;101955;1480.800000000;102;9558562052;B
20240207;101955;1481.000000000;6;9558562053;B
20240207;101955;1481.000000000;135;9558562054;B
20240207;101955;1481.000000000;27;9558562055;B
20240207;101955;1481.000000000;25;9558562056;B
20240207;101955;1481.000000000;25;9558562057;B
20240207;101958;1480.800000000;1;9558562530;S
20240207;101959;1481.200000000;1;9558562690;B
20240207;102001;1481.000000000;1;9558562956;S
20240207;102002;1481.000000000;30;9558563040;S
20240207;102002;1481.000000000;10;9558563107;S
20240207;102002;1481.000000000;25;9558563123;S
20240207;102004;1481.200000000;1;9558563306;B
20240207;102004;1481.200000000;1;9558563316;B
20240207;102007;1481.200000000;4;9558563755;B
20240207;102007;1481.200000000;1;9558563865;B
20240207;102010;1481.200000000;2;9558564204;B
20240207;102010;1481.000000000;2;9558564269;S
20240207;102015;1481.000000000;32;9558565057;S
20240207;102015;1481.000000000;29;9558565058;S
20240207;102018;1481.000000000;1;9558567358;B
20240207;102019;1480.800000000;1;9558567474;S
20240207;102019;1481.000000000;1;9558567534;B
20240207;102021;1480.800000000;1;9558567814;S
20240207;102021;1481.000000000;3;9558567840;B
20240207;102023;1481.000000000;1;9558568523;B
20240207;102025;1481.000000000;1;9558569246;B
20240207;102027;1481.000000000;9;9558571222;B
20240207;102031;1481.000000000;30;9558572977;B
20240207;102031;1481.000000000;1;9558573385;B
20240207;102034;1480.800000000;1;9558573949;S
20240207;102035;1480.800000000;2;9558574387;B
20240207;102037;1480.600000000;4;9558574552;B
20240207;102038;1480.600000000;67;9558574747;B
20240207;102039;1480.600000000;1;9558574907;B
20240207;102040;1480.600000000;10;9558575654;B
20240207;102040;1480.400000000;1;9558575694;S
20240207;102040;1480.400000000;1;9558575695;S
20240207;102040;1480.400000000;1;9558575696;S
20240207;102040;1480.400000000;66;9558575697;S
20240207;102040;1480.200000000;31;9558575698;S
20240207;102041;1480.400000000;3;9558575732;B
20240207;102042;1480.200000000;1;9558575885;S
20240207;102042;1480.400000000;1;9558576673;B
20240207;102048;1480.400000000;21;9558578465;B
20240207;102048;1480.200000000;129;9558578472;S
20240207;102049;1480.200000000;1;9558578579;S
20240207;102052;1480.200000000;23;9558579915;S
20240207;102052;1480.200000000;4;9558579916;S
20240207;102052;1480.200000000;16;9558579917;S
20240207;102052;1480.200000000;175;9558579918;S
20240207;102052;1480.200000000;5;9558579919;S
20240207;102052;1480.200000000;1;9558579920;S
20240207;102052;1480.200000000;24;9558579921;S
20240207;102052;1480.200000000;1;9558579922;S
20240207;102052;1480.200000000;2;9558579923;S
20240207;102052;1480.200000000;10;9558579924;S
20240207;102052;1480.200000000;2;9558579925;S
20240207;102052;1480.200000000;27;9558579926;S
20240207;102052;1480.000000000;10;9558579927;S
20240207;102052;1480.000000000;1;9558579928;S
20240207;102052;1480.000000000;26;9558579929;S
20240207;102052;1480.000000000;5;9558579930;S
20240207;102052;1480.000000000;1;9558579931;S
20240207;102052;1480.000000000;1;9558579932;S
20240207;102052;1480.000000000;4;9558579933;S
20240207;102052;1480.000000000;36;9558579934;S
20240207;102052;1480.000000000;1;9558579935;S
20240207;102052;1480.000000000;2;9558579936;S
20240207;102052;1480.000000000;10;9558579937;S
20240207;102052;1480.000000000;3;9558579938;S
20240207;102052;1480.000000000;2;9558579939;S
20240207;102052;1480.000000000;10;9558579940;S
20240207;102052;1480.000000000;2;9558579941;S
20240207;102052;1480.000000000;1;9558579942;S
20240207;102052;1480.000000000;550;9558579943;S
20240207;102052;1480.000000000;3;9558579944;S
20240207;102052;1480.000000000;14;9558579945;S
20240207;102052;1480.000000000;1;9558579946;S
20240207;102052;1480.000000000;1;9558579947;S
20240207;102052;1480.000000000;10;9558579948;S
20240207;102052;1480.000000000;656;9558579949;S
20240207;102053;1480.000000000;26;9558580102;S
20240207;102053;1480.000000000;1;9558580103;S
20240207;102053;1480.000000000;40;9558580104;S
20240207;102053;1480.000000000;27;9558580105;B
20240207;102055;1480.000000000;50;9558580397;S
20240207;102055;1480.000000000;102;9558580408;B
20240207;102058;1480.200000000;1;9558580802;B
20240207;102059;1480.000000000;357;9558581472;S
20240207;102059;1480.000000000;70;9558581499;B
20240207;102101;1480.000000000;2;9558582187;B
20240207;102102;1480.000000000;2;9558582310;B
20240207;102106;1480.000000000;1;9558583145;B
20240207;102107;1480.000000000;1;9558583730;B
20240207;102110;1479.800000000;1;9558584933;S
20240207;102110;1479.800000000;1;9558584947;S
20240207;102110;1479.800000000;10;9558584948;S
20240207;102110;1479.800000000;19;9558584949;S
20240207;102110;1479.800000000;30;9558584950;S
20240207;102111;1479.800000000;118;9558584967;S
20240207;102114;1479.600000000;1;9558585778;B
20240207;102116;1479.600000000;10;9558586284;B
20240207;102117;1479.600000000;23;9558586341;B
20240207;102118;1479.600000000;5;9558586457;B
20240207;102119;1479.600000000;1;9558587039;B
20240207;102126;1479.400000000;6;9558588749;S
20240207;102132;1480.000000000;3;9558591094;B
20240207;102136;1479.800000000;13;9558591875;S
20240207;102139;1480.000000000;5;9558593238;B
20240207;102139;1479.800000000;1;9558593271;S
20240207;102140;1479.800000000;5;9558593744;S
20240207;102141;1480.000000000;20;9558593812;B
20240207;102143;1479.800000000;2;9558594183;S
20240207;102143;1480.000000000;10;9558594246;B
20240207;102143;1480.000000000;12;9558594258;B
20240207;102144;1480.000000000;3;9558594354;B
20240207;102145;1480.000000000;1;9558594504;B
20240207;102146;1480.000000000;3;9558594945;B
20240207;102146;1480.000000000;1;9558594949;B
20240207;102146;1480.000000000;9;9558594955;B
20240207;102146;1480.000000000;1;9558594956;B
20240207;102148;1480.000000000;1;9558595748;B
20240207;102150;1479.800000000;26;9558596624;S
20240207;102153;1479.800000000;30;9558597176;S
20240207;102157;1480.000000000;1;9558597959;B
20240207;102200;1479.800000000;40;9558599742;S
20240207;102204;1480.000000000;227;9558600426;B
20240207;102204;1480.000000000;20;9558600427;B
20240207;102204;1480.200000000;27;9558600428;B
20240207;102204;1480.200000000;33;9558600429;B
20240207;102205;1480.200000000;15;9558600738;S
20240207;102208;1480.200000000;1;9558601952;S
20240207;102210;1480.600000000;1;9558602408;B
20240207;102220;1480.600000000;1;9558605852;B
20240207;102223;1480.600000000;1;9558606436;B
20240207;102226;1480.600000000;8;9558606853;B
20240207;102236;1480.200000000;1;9558609899;S
20240207;102236;1480.600000000;7;9558610338;B
20240207;102238;1480.600000000;2;9558610680;B
20240207;102240;1480.200000000;85;9558611103;S
20240207;102240;1480.200000000;8;9558611104;S
20240207;102240;1480.200000000;7;9558611105;S
20240207;102240;1480.600000000;10;9558611143;B
20240207;102242;1480.200000000;5;9558611733;S
20240207;102242;1480.200000000;95;9558611734;S
20240207;102248;1480.600000000;1;9558612383;B
20240207;102251;1480.400000000;2;9558613437;B
20240207;102253;1480.400000000;1;9558614819;B
20240207;102257;1480.400000000;1;9558616549;B
20240207;102257;1480.400000000;5;9558616589;B
20240207;102301;1480.200000000;1;9558617037;S
20240207;102303;1480.400000000;10;9558618197;B
20240207;102304;1480.200000000;1;9558618263;S
20240207;102308;1480.400000000;48;9558618778;B
20240207;102309;1480.400000000;2;9558618913;S
20240207;102311;1480.600000000;1;9558619053;B
20240207;102316;1480.600000000;1;9558621258;B
20240207;102318;1480.600000000;2;9558621471;B
20240207;102318;1480.400000000;35;9558621502;S
20240207;102319;1480.400000000;3;9558621536;S
20240207;102320;1480.400000000;9;9558622053;S
20240207;102320;1480.400000000;6;9558622054;S
20240207;102322;1480.400000000;150;9558622869;S
20240207;102325;1480.600000000;5;9558623677;B
20240207;102326;1480.600000000;1;9558623816;B
20240207;102330;1480.600000000;4;9558625000;B
20240207;102335;1480.600000000;69;9558625863;B
20240207;102348;1480.600000000;8;9558630138;S
20240207;102351;1480.800000000;1;9558631508;B
20240207;102351;1480.800000000;4;9558631509;B
20240207;102351;1480.600000000;2;9558631575;S
20240207;102352;1480.800000000;6;9558631636;B
20240207;102352;1480.800000000;10;9558631637;B
20240207;102352;1481.000000000;4;9558631638;B
20240207;102358;1481.000000000;1;9558633383;B
20240207;102358;1481.000000000;2;9558633384;B
20240207;102359;1480.600000000;7;9558633478;S
20240207;102359;1480.600000000;1;9558633521;S
20240207;102401;1481.000000000;10;9558634231;B
20240207;102401;1481.200000000;4;9558634232;B
20240207;102402;1481.200000000;1;9558634707;B
20240207;102404;1481.200000000;3;9558635067;B
20240207;102406;1481.200000000;45;9558635499;B
20240207;102410;1481.000000000;11;9558636854;B
20240207;102413;1481.200000000;17;9558638121;B
20240207;102413;1481.200000000;22;9558638122;B
20240207;102413;1481.200000000;1;9558638123;B
20240207;102413;1481.200000000;1;9558638124;B
20240207;102413;1481.200000000;1;9558638125;B
20240207;102413;1481.200000000;1;9558638126;B
20240207;102419;1481.000000000;1;9558639164;S
20240207;102420;1481.000000000;1;9558639286;S
20240207;102423;1481.200000000;1;9558640695;B
20240207;102423;1481.200000000;1;9558640696;B
20240207;102424;1481.200000000;1;9558640731;B
20240207;102424;1481.200000000;1;9558640732;B
20240207;102424;1481.200000000;1;9558640733;B
20240207;102424;1481.200000000;1;9558640734;B
20240207;102424;1481.200000000;1;9558640735;B
20240207;102424;1481.200000000;1;9558640736;B
20240207;102424;1481.200000000;1;9558640737;B
20240207;102424;1481.200000000;25;9558640738;B
20240207;102426;1481.200000000;14;9558641201;S
20240207;102427;1481.400000000;3;9558641740;B
20240207;102427;1481.400000000;19;9558641741;B
20240207;102427;1481.400000000;33;9558641742;B
