<DATE>;<TIME>;<LAST>;<VOL>;<ID>;<OPER>
20240321;095958;1375.8;5;9914005726;S
20240321;095958;1375.8;35;9914005727;S
20240321;095958;1375.8;1;9914005728;S
20240321;095958;1375.8;1;9914005729;S
20240321;095958;1375.8;163;9914005730;S
20240321;095958;1375.8;6;9914005731;S
20240321;095958;1375.8;1;9914005732;S
20240321;095958;1375.8;1;9914005733;S
20240321;095958;1375.8;210;9914005734;S
20240321;095958;1375.8;1;9914005735;S
20240321;095958;1375.8;4;9914005736;S
20240321;095958;1375.8;64;9914005737;S
20240321;095958;1375.8;2;9914005738;B
20240321;095958;1375.8;1;9914005739;B
20240321;095958;1375.8;1;9914005740;B
20240321;095958;1375.8;8;9914005741;B
20240321;095958;1375.8;1;9914005742;B
20240321;095958;1375.8;23;9914005743;B
20240321;095958;1375.8;25;9914005744;B
20240321;095958;1375.8;1;9914005745;B
20240321;095958;1375.8;2;9914005746;B
20240321;095958;1375.8;20;9914005747;B
20240321;095958;1375.8;30;9914005748;B
20240321;095958;1375.8;20;9914005749;B
20240321;095958;1375.8;119;9914005750;B
20240321;095958;1375.8;10;9914005751;B
20240321;095958;1375.8;20;9914005752;B
20240321;095958;1375.8;8;9914005753;B
20240321;095958;1375.8;122;9914005754;B
20240321;095958;1375.8;1;9914005755;B
20240321;095958;1375.8;25;9914005756;B
20240321;095958;1375.8;2;9914005757;B
20240321;095958;1375.8;1;9914005758;B
20240321;095958;1375.8;1;9914005759;B
20240321;095958;1375.8;1;9914005760;S
20240321;095958;1375.8;5;9914005761;B
20240321;095958;1375.8;438;9914005762;B
20240321;095958;1375.8;200;9914005763;S
20240321;095958;1375.8;4;9914005764;B
20240321;095958;1375.8;5;9914005765;B
20240321;095958;1375.8;1;9914005766;B
20240321;095958;1375.8;5;9914005767;B
20240321;095958;1375.8;5;9914005768;B
20240321;095958;1375.8;1;9914005769;B
20240321;095958;1375.8;5;9914005770;B
20240321;095958;1375.8;1;9914005771;B
20240321;095958;1375.8;5;9914005772;B
20240321;095958;1375.8;1;9914005773;B
20240321;095958;1375.8;22;9914005774;B
20240321;095958;1375.8;149;9914005775;S
20240321;095958;1375.8;1;9914005776;S
20240321;095958;1375.8;1;9914005777;S
20240321;095958;1375.8;49;9914005778;S
20240321;095958;1375.8;5;9914005779;B
20240321;095958;1375.8;1;9914005780;B
20240321;095958;1375.8;5;9914005781;B
20240321;095958;1375.8;1;9914005782;B
20240321;095958;1375.8;1;9914005783;B
20240321;095958;1375.8;20;9914005784;B
20240321;095958;1375.8;1;9914005785;S
20240321;095958;1375.8;5;9914005786;B
20240321;095958;1375.8;5;9914005787;B
20240321;095958;1375.8;1;9914005788;B
20240321;095958;1375.8;30;9914005789;B
20240321;095958;1375.8;1;9914005790;B
20240321;095958;1375.8;5;9914005791;B
20240321;095958;1375.8;1;9914005792;B
20240321;095958;1375.8;5;9914005793;B
20240321;095958;1375.8;1;9914005794;B
20240321;095958;1375.8;5;9914005795;B
20240321;095958;1375.8;1;9914005796;B
20240321;095958;1375.8;1;9914005797;B
20240321;095958;1375.8;1;9914005798;B
20240321;095958;1375.8;1;9914005799;B
20240321;095958;1375.8;100;9914005800;B
20240321;095958;1375.8;1;9914005801;B
20240321;095958;1375.8;5;9914005802;B
20240321;095958;1375.8;1;9914005803;B
20240321;095958;1375.8;4;9914005804;B
20240321;095958;1375.8;40;9914005805;B
20240321;095958;1375.8;10;9914005806;B
20240321;095958;1375.8;10;9914005807;B
20240321;095958;1375.8;47;9914005808;B
20240321;095958;1375.8;10;9914005809;S
20240321;095958;1375.8;10;9914005810;B
20240321;095958;1375.8;1;9914005811;B
20240321;095958;1375.8;1;9914005812;B
20240321;095958;1375.8;5;9914005813;B
20240321;095958;1375.8;1;9914005814;B
20240321;095958;1375.8;100;9914005815;B
20240321;095958;1375.8;8;9914005816;S
20240321;095958;1375.8;2;9914005817;S
20240321;095958;1375.8;1;9914005818;B
20240321;095958;1375.8;9;9914005819;B
20240321;095958;1375.8;5;9914005820;B
20240321;095958;1375.8;1;9914005821;B
20240321;095958;1375.8;1;9914005822;B
20240321;095958;1375.8;12;9914005823;B
20240321;095958;1375.8;60;9914005824;B
20240321;095958;1375.8;2;9914005825;S
20240321;095958;1375.8;1;9914005826;B
20240321;095958;1375.8;1;9914005827;S
20240321;095958;1375.8;1;9914005828;S
20240321;095958;1375.8;1;9914005829;S
20240321;095958;1375.8;1;9914005830;S
20240321;095958;1375.8;1;9914005831;B
20240321;095958;1375.8;1;9914005832;S
20240321;095958;1375.8;11;9914005833;S
20240321;095958;1375.8;100;9914005834;S
20240321;100005;1374.8;1;9914011590;B
20240321;100005;1374.8;144;9914011703;B
20240321;100005;1375;24;9914011704;B
20240321;100005;1375.6;220;9914011705;B
20240321;100005;1375.8;17;9914011706;B
20240321;100006;1375.6;10;9914011838;B
20240321;100006;1375.6;16;9914011840;B
20240321;100006;1375.6;25;9914011842;B
20240321;100006;1375.8;201;9914011846;B
20240321;100006;1375.8;4;9914011847;B
20240321;100006;1375.8;1;9914011848;B
20240321;100006;1376;20;9914011849;B
20240321;100006;1376;1;9914011850;B
20240321;100006;1376;1;9914011851;B
20240321;100006;1376;27;9914011852;B
20240321;100006;1376;24;9914011853;B
20240321;100006;1376.2;1;9914011854;B
20240321;100006;1376.4;5;9914011855;B
20240321;100006;1376.4;5;9914011856;B
20240321;100006;1376.4;1;9914011857;B
20240321;100006;1376.4;145;9914011858;B
20240321;100006;1376.6;1;9914011859;B
20240321;100006;1376.8;5;9914011860;B
20240321;100006;1376.8;5;9914011861;B
20240321;100006;1376.8;1;9914011862;B
20240321;100006;1376.8;1;9914011863;B
20240321;100006;1376.8;1;9914011864;B
20240321;100006;1377;1;9914011865;B
20240321;100006;1377;1;9914011866;B
20240321;100006;1377.2;1;9914011867;B
20240321;100006;1377.4;1;9914011868;B
20240321;100006;1377.4;1;9914011869;B
20240321;100006;1377.4;3;9914011870;B
20240321;100006;1377.4;142;9914011871;B
20240321;100006;1377.4;22;9914011872;B
20240321;100006;1375.2;12;9914011929;S
20240321;100006;1374.8;1;9914012105;B
20240321;100006;1374.8;1;9914012238;B
20240321;100006;1374.8;1;9914012240;B
20240321;100006;1375.6;3;9914012241;B
20240321;100006;1375.6;14;9914012242;B
20240321;100006;1375;1;9914012353;B
20240321;100006;1375;1;9914012731;B
20240321;100006;1374.2;1;9914012738;S
20240321;100006;1374.2;11;9914012741;S
20240321;100006;1375;2;9914012750;B
20240321;100006;1375.4;52;9914012913;B
20240321;100006;1375.6;28;9914012914;B
20240321;100006;1375.6;1;9914013030;B
20240321;100006;1375.2;1;9914013198;B
20240321;100006;1375.2;1;9914013246;B
20240321;100006;1374.6;6;9914013323;S
20240321;100007;1375;1;9914013443;B
20240321;100007;1375.2;38;9914013444;B
20240321;100007;1375.4;10;9914013445;B
20240321;100007;1375.6;3;9914013446;B
20240321;100007;1375.8;14;9914013447;B
20240321;100007;1375.8;1;9914013585;B
20240321;100007;1375.8;1;9914013757;B
20240321;100007;1375.8;1;9914013765;B
20240321;100007;1374.8;5;9914013816;B
20240321;100007;1375.8;5;9914013840;B
20240321;100007;1375.8;1;9914013841;B
20240321;100007;1376;1;9914013842;B
20240321;100007;1376;3;9914013843;B
20240321;100007;1376.2;20;9914013844;B
20240321;100007;1376.2;80;9914013903;B
20240321;100007;1376;1;9914014051;B
20240321;100007;1376;2;9914014184;B
20240321;100007;1376;1;9914014191;B
20240321;100007;1374.2;2;9914014229;S
20240321;100007;1376;1;9914014364;B
20240321;100007;1375;1;9914015196;B
20240321;100007;1376;99;9914015197;B
20240321;100008;1374.4;6;9914015206;S
20240321;100008;1375.8;1;9914015229;B
20240321;100008;1374.8;10;9914015234;S
20240321;100008;1375.8;5;9914015846;B
20240321;100008;1375.8;12;9914015847;B
20240321;100008;1376;3;9914015848;B
20240321;100008;1376;1;9914015852;B
20240321;100008;1376;1;9914015853;B
20240321;100008;1376;113;9914015854;B
20240321;100008;1375;1;9914016439;S
20240321;100008;1375.4;10;9914016529;B
20240321;100008;1375.6;10;9914016530;B
20240321;100008;1375;1;9914016533;S
20240321;100008;1375;5;9914016538;S
20240321;100009;1376;1;9914017596;B
20240321;100009;1375.2;2;9914017683;S
20240321;100009;1375.2;112;9914017733;S
20240321;100010;1374.4;1;9914018062;S
20240321;100010;1375.2;1;9914018334;B
20240321;100010;1375.4;8;9914018335;B
20240321;100010;1375.6;41;9914018336;B
20240321;100010;1375.6;19;9914018337;B
20240321;100010;1375.8;43;9914018338;B
20240321;100010;1375.8;1;9914018341;B
20240321;100010;1374.4;1;9914018670;S
20240321;100010;1376;1;9914018673;B
20240321;100010;1376;1;9914018678;B
20240321;100010;1375.8;1;9914018786;B
20240321;100010;1375.8;144;9914018887;B
20240321;100010;1376;1;9914018888;B
20240321;100010;1376;40;9914018889;B
20240321;100010;1376;1;9914018890;B
20240321;100010;1376;136;9914018891;B
20240321;100010;1376.2;1;9914018892;B
20240321;100010;1376.2;177;9914018893;B
20240321;100010;1376.2;4;9914018927;B
20240321;100010;1376.2;5;9914018939;B
20240321;100011;1376.6;5;9914019212;B
20240321;100011;1375.8;2;9914019419;S
20240321;100011;1376.4;1;9914019507;B
20240321;100011;1375.6;12;9914019523;S
20240321;100011;1375.4;4;9914019524;S
20240321;100011;1375;12;9914019604;S
20240321;100011;1375;2;9914019605;S
20240321;100011;1376.4;1;9914019684;B
20240321;100011;1376.6;1;9914019685;B
20240321;100011;1376.4;10;9914019782;B
20240321;100012;1376.4;2;9914020113;B
20240321;100012;1376.6;5;9914020114;B
20240321;100013;1375.4;1;9914020297;S
20240321;100014;1375.8;12;9914020792;S
20240321;100014;1375.6;23;9914020793;S
20240321;100016;1376.4;5;9914021246;B
20240321;100016;1376.4;7;9914021264;B
20240321;100016;1376.6;99;9914021265;B
20240321;100016;1376.8;600;9914021266;B
20240321;100016;1376.8;18;9914021267;B
20240321;100016;1376.6;6;9914021389;B
20240321;100019;1376.6;6;9914022448;B
20240321;100019;1376.8;383;9914022449;B
20240321;100020;1376.4;1;9914022801;S
20240321;100020;1376.4;12;9914022802;S
20240321;100020;1376.2;23;9914022803;S
20240321;100021;1376;2;9914023159;S
20240321;100021;1376;3;9914023182;S
20240321;100022;1376.6;58;9914023320;B
20240321;100022;1376.6;36;9914023321;B
20240321;100022;1376.8;58;9914023322;B
20240321;100022;1376.8;3;9914023323;B
20240321;100022;1377;3;9914023324;B
20240321;100022;1377;10;9914023325;B
20240321;100022;1377;10;9914023326;B
20240321;100022;1377;1;9914023327;B
20240321;100022;1377;58;9914023328;B
20240321;100022;1377.2;120;9914023329;B
20240321;100022;1377.4;25;9914023330;B
20240321;100022;1377.6;5;9914023331;B
20240321;100022;1377.6;1;9914023332;B
20240321;100022;1377.6;1;9914023333;B
20240321;100022;1377.6;85;9914023334;B
20240321;100022;1377.8;1;9914023335;B
20240321;100022;1377.8;100;9914023336;B
20240321;100022;1377.8;50;9914023337;B
20240321;100022;1378;1;9914023338;B
20240321;100022;1378;5;9914023339;B
20240321;100022;1378;15;9914023340;B
20240321;100022;1378;1;9914023341;B
20240321;100022;1378.2;1;9914023342;B
20240321;100022;1378.2;100;9914023343;B
20240321;100022;1378.4;1;9914023344;B
20240321;100022;1378.4;1;9914023345;B
20240321;100022;1377;25;9914023346;S
20240321;100022;1377;12;9914023347;B
20240321;100022;1376.6;14;9914023485;B
20240321;100022;1376.6;1;9914023506;B
20240321;100022;1376.4;2;9914023619;S
20240321;100022;1376.2;7;9914023649;S
20240321;100022;1376.6;60;9914023746;B
20240321;100023;1376;25;9914023764;S
20240321;100023;1376.2;14;9914023923;S
20240321;100023;1376.2;3;9914023962;S
20240321;100023;1376.2;10;9914024104;S
20240321;100024;1376.2;118;9914024219;S
20240321;100024;1376;25;9914024220;S
20240321;100024;1375.4;12;9914024221;S
20240321;100024;1375.4;220;9914024222;S
20240321;100024;1375.2;17;9914024223;S
20240321;100025;1374.6;1;9914024658;S
20240321;100027;1375.2;25;9914025337;B
20240321;100027;1375.4;30;9914025338;B
20240321;100027;1375.4;1;9914025497;B
20240321;100028;1375.4;5;9914025670;B
20240321;100029;1375.4;20;9914025855;B
20240321;100029;1375.4;20;9914026055;B
20240321;100030;1375;1;9914026439;S
20240321;100030;1374.6;53;9914026691;S
20240321;100031;1374.4;58;9914026783;S
20240321;100031;1374.4;92;9914026784;S
20240321;100032;1374.6;1;9914027298;B
20240321;100032;1374.8;25;9914027299;B
20240321;100032;1375;12;9914027300;B
20240321;100032;1375.2;142;9914027301;B
20240321;100032;1375.2;1;9914027367;B
20240321;100033;1375;1;9914027540;S
20240321;100033;1375;5;9914027541;S
20240321;100034;1375.4;2;9914028047;B
20240321;100038;1375;23;9914029544;S
20240321;100038;1375;6;9914029545;S
20240321;100038;1374.8;42;9914029546;S
20240321;100038;1374.6;84;9914029547;S
20240321;100039;1375.2;25;9914029715;B
20240321;100039;1375.2;12;9914029716;B
20240321;100039;1375.4;63;9914029717;B
20240321;100039;1375.2;1;9914029792;B
20240321;100040;1374.4;12;9914029925;S
20240321;100040;1374.2;36;9914029926;S
20240321;100040;1374.2;52;9914029927;S
20240321;100040;1374.4;136;9914029949;B
20240321;100040;1375;1;9914029950;B
20240321;100041;1375;9;9914030532;B
20240321;100041;1375.2;10;9914030533;B
20240321;100041;1375.4;11;9914030534;B
20240321;100042;1375.2;12;9914030665;B
20240321;100042;1375.4;8;9914030666;B
20240321;100042;1375.4;1;9914030904;B
20240321;100042;1375.4;2;9914030922;B
20240321;100043;1375;40;9914031003;S
20240321;100044;1375.4;1;9914031414;B
20240321;100044;1375.4;1;9914031437;B
20240321;100044;1375.4;2;9914031495;B
20240321;100044;1375;5;9914031559;S
20240321;100044;1375.2;2;9914031568;B
20240321;100044;1375.4;5;9914031595;B
20240321;100044;1375.4;497;9914031631;B
20240321;100044;1375.4;356;9914031632;B
20240321;100044;1376;1;9914031649;B
20240321;100044;1376;16;9914031652;B
20240321;100045;1376.6;58;9914031708;B
20240321;100045;1376.8;10;9914031709;B
20240321;100045;1376;4;9914031737;S
20240321;100045;1376.8;1;9914031868;B
20240321;100046;1376.8;1;9914032012;B
20240321;100046;1376.8;1;9914032142;B
20240321;100046;1376;29;9914032155;S
20240321;100046;1376.8;1;9914032290;B
20240321;100046;1376.8;1;9914032291;B
20240321;100047;1376.8;1;9914032448;B
20240321;100047;1376.8;1;9914032468;B
20240321;100047;1376.8;9;9914032481;B
20240321;100047;1376;116;9914032488;S
20240321;100047;1376;14;9914032489;B
20240321;100047;1375.8;2;9914032534;S
20240321;100048;1375.8;10;9914032750;S
20240321;100048;1375.4;28;9914032775;S
20240321;100048;1376;30;9914032861;B
20240321;100048;1376;1;9914032890;B
20240321;100048;1376;2;9914032928;B
20240321;100049;1376;1;9914033123;B
20240321;100049;1376;1;9914033125;B
20240321;100049;1376;1;9914033126;B
20240321;100049;1376;1;9914033127;B
20240321;100049;1376;1;9914033131;B
20240321;100049;1376;1;9914033154;B
20240321;100049;1376;1;9914033156;B
20240321;100050;1376.2;1;9914033489;B
20240321;100050;1376.4;1;9914033537;B
20240321;100051;1376.4;10;9914033982;B
20240321;100051;1376.6;25;9914033983;B
20240321;100051;1376.8;32;9914033984;B
20240321;100051;1376.8;134;9914033985;B
20240321;100053;1376.8;58;9914034466;B
20240321;100053;1377;2;9914034467;B
20240321;100053;1377;58;9914034468;B
20240321;100053;1377;85;9914034469;B
20240321;100053;1377.2;58;9914034470;B
20240321;100053;1377.2;40;9914034471;B
20240321;100053;1377.4;137;9914034472;B
20240321;100053;1376.4;25;9914034560;S
20240321;100053;1376;95;9914034561;S
20240321;100054;1376.8;1;9914034784;B
20240321;100054;1376.8;1;9914034802;B
20240321;100054;1376.8;1;9914034874;B
20240321;100055;1376.8;1;9914034963;B
20240321;100055;1376;1;9914034964;S
20240321;100055;1376.8;11;9914035016;B
20240321;100055;1377;96;9914035017;B
20240321;100055;1377.2;22;9914035018;B
20240321;100055;1377.2;1;9914035049;B
20240321;100055;1377.2;1;9914035062;B
20240321;100055;1377.2;1;9914035063;B
20240321;100055;1377.2;1;9914035064;B
20240321;100056;1377.2;32;9914035134;B
20240321;100056;1377.4;6;9914035135;B
20240321;100056;1377.2;1;9914035207;B
20240321;100056;1377.2;10;9914035211;B
20240321;100056;1377.2;1;9914035213;B
20240321;100056;1377.4;1;9914035272;B
20240321;100056;1377.4;1;9914035326;B
20240321;100057;1377.4;50;9914035412;B
20240321;100057;1377.6;25;9914035413;B
20240321;100057;1377.4;1;9914035431;B
20240321;100057;1377.4;1;9914035439;B
20240321;100057;1377.4;1;9914035441;B
20240321;100057;1377.4;1;9914035501;B
20240321;100057;1377.4;1;9914035522;B
20240321;100057;1377.4;53;9914035523;B
20240321;100057;1377.6;75;9914035524;B
20240321;100057;1377.6;1;9914035525;B
20240321;100057;1377.6;58;9914035526;B
20240321;100057;1377.6;145;9914035527;B
20240321;100057;1377.8;27;9914035528;B
20240321;100058;1377.2;12;9914035688;S
20240321;100058;1377.4;1;9914035712;B
20240321;100059;1377.4;99;9914035815;B
20240321;100059;1377.8;31;9914035816;B
20240321;100059;1377.8;145;9914035817;B
20240321;100059;1377.8;12;9914035818;B
20240321;100059;1378;4;9914035819;B
20240321;100059;1378;24;9914035820;B
20240321;100059;1378;58;9914035821;B
20240321;100059;1378;100;9914035822;S
20240321;100059;1378.2;1;9914035879;B
20240321;100059;1378;3;9914035914;S
20240321;100059;1378;2;9914035933;S
20240321;100100;1378.2;1;9914036156;B
20240321;100100;1378.2;1;9914036190;B
20240321;100100;1378.2;15;9914036192;B
20240321;100100;1378.2;1;9914036194;B
20240321;100100;1378.2;1;9914036196;B
20240321;100100;1378.2;1;9914036197;B
20240321;100100;1378.2;37;9914036204;B
20240321;100100;1378.2;145;9914036205;B
20240321;100100;1378.2;24;9914036206;B
20240321;100100;1378.4;4;9914036207;B
20240321;100100;1378.4;58;9914036208;B
20240321;100100;1378.6;25;9914036209;B
20240321;100100;1378.6;5;9914036210;B
20240321;100100;1378.6;1;9914036211;B
20240321;100100;1378.6;58;9914036212;B
20240321;100100;1378.6;54;9914036213;B
20240321;100100;1378.8;5;9914036214;B
20240321;100100;1378.8;1;9914036215;B
20240321;100100;1378.8;1;9914036216;B
20240321;100100;1378.8;2;9914036217;B
20240321;100100;1378.6;1;9914036253;B
20240321;100100;1378.6;1;9914036263;B
20240321;100100;1378.6;1;9914036327;B
20240321;100101;1378.6;1;9914036378;B
20240321;100101;1378.6;10;9914036399;B
20240321;100101;1378.6;6;9914036451;B
20240321;100101;1378;21;9914036573;S
20240321;100101;1378;25;9914036574;S
20240321;100101;1378;8;9914036575;S
20240321;100101;1377.8;12;9914036576;S
20240321;100101;1377.8;24;9914036577;S
20240321;100101;1377.2;95;9914036578;S
20240321;100101;1377.4;1;9914036586;S
20240321;100101;1377.4;5;9914036653;S
20240321;100101;1378;1;9914036691;B
20240321;100101;1378;1;9914036695;B
20240321;100102;1378;1;9914036744;B
20240321;100102;1377;42;9914037182;S
20240321;100102;1377.4;1;9914037183;B
20240321;100103;1377.4;15;9914037306;B
20240321;100103;1377.6;14;9914037307;B
20240321;100103;1377;10;9914037512;S
20240321;100104;1377.6;1;9914037600;B
20240321;100107;1377;2;9914038272;S
20240321;100107;1377;3;9914038302;S
20240321;100107;1377.6;1;9914038366;B
20240321;100108;1377;3;9914038464;S
20240321;100108;1377.6;34;9914038469;B
20240321;100108;1377.6;44;9914038470;B
20240321;100108;1377.6;22;9914038471;B
20240321;100108;1377.2;11;9914038518;S
20240321;100108;1377.8;5;9914038570;B
20240321;100108;1378;12;9914038571;B
20240321;100110;1377.8;11;9914038917;B
20240321;100110;1377.8;6;9914038918;B
20240321;100110;1377.8;145;9914038919;B
20240321;100110;1378;2;9914039009;B
20240321;100110;1378;2;9914039010;B
20240321;100110;1378;21;9914039011;B
20240321;100110;1378;1;9914039121;B
20240321;100111;1378.2;58;9914039131;B
20240321;100111;1378.4;1;9914039137;B
20240321;100111;1378.2;4;9914039140;S
20240321;100111;1378.2;15;9914039172;S
20240321;100111;1378.2;5;9914039246;S
20240321;100112;1378.4;56;9914039321;B
20240321;100112;1378.4;1;9914039346;B
20240321;100112;1378.4;29;9914039347;B
20240321;100114;1377.8;12;9914039781;S
20240321;100114;1377.6;23;9914039782;S
20240321;100114;1377.6;25;9914039783;S
20240321;100114;1377.2;100;9914039784;S
20240321;100114;1377;290;9914039785;S
20240321;100114;1377;40;9914039786;S
20240321;100114;1377;58;9914039787;S
20240321;100114;1377;152;9914039788;B
20240321;100114;1377.8;8;9914039839;B
20240321;100115;1378;1;9914039949;B
20240321;100116;1376.8;1;9914040198;S
20240321;100116;1376.8;57;9914040262;S
20240321;100116;1376.8;28;9914040263;S
20240321;100116;1376.8;12;9914040264;S
20240321;100116;1376.6;58;9914040265;S
20240321;100116;1376.6;2;9914040266;S
20240321;100116;1376.6;43;9914040267;S
20240321;100116;1376.6;23;9914040362;S
20240321;100116;1376.6;145;9914040363;S
20240321;100116;1376.4;58;9914040364;S
20240321;100116;1376.2;25;9914040365;S
20240321;100116;1376.2;58;9914040366;S
20240321;100116;1376;1;9914040367;S
20240321;100116;1376;100;9914040368;S
20240321;100116;1376;40;9914040369;S
20240321;100116;1376;58;9914040370;S
20240321;100116;1375.8;100;9914040371;S
20240321;100116;1375.8;12;9914040372;S
20240321;100116;1375.4;25;9914040373;S
20240321;100116;1375.4;50;9914040374;S
20240321;100116;1375.2;200;9914040375;S
20240321;100116;1375.2;1;9914040376;S
20240321;100116;1375.2;600;9914040377;S
20240321;100116;1375;304;9914040378;S
20240321;100116;1376;3;9914040418;B
20240321;100118;1375.6;20;9914040919;B
20240321;100118;1375.2;58;9914040937;S
20240321;100118;1375.2;145;9914040938;S
20240321;100118;1375;96;9914040939;S
20240321;100118;1375;4;9914040940;S
20240321;100118;1375;58;9914040941;S
20240321;100118;1375;22;9914040942;S
20240321;100118;1374.8;58;9914040943;S
20240321;100118;1374.6;59;9914040944;S
20240321;100121;1374.8;1;9914041499;S
20240321;100121;1375.2;1;9914041637;B
20240321;100121;1375.4;9;9914041638;B
20240321;100121;1374.8;57;9914041641;S
20240321;100121;1374.8;43;9914041642;S
20240321;100122;1375.2;10;9914041778;B
20240321;100122;1375.4;10;9914041779;B
20240321;100123;1374.8;2;9914041993;S
20240321;100123;1374.8;1;9914042013;S
20240321;100124;1375.2;2;9914042093;B
20240321;100124;1375.4;2;9914042094;B
20240321;100124;1375.4;1;9914042095;B
20240321;100124;1375;22;9914042225;S
20240321;100124;1374.8;99;9914042226;S
20240321;100124;1374.8;29;9914042227;S
20240321;100125;1374.8;1;9914042380;S
20240321;100125;1375.4;5;9914042470;S
20240321;100126;1375.4;45;9914042615;S
20240321;100126;1375.2;10;9914042616;S
20240321;100128;1375;2;9914043008;S
20240321;100128;1375;50;9914043156;S
20240321;100129;1375.2;1;9914043263;B
20240321;100129;1375.2;1;9914043266;B
20240321;100129;1375;122;9914043356;S
20240321;100129;1375;22;9914043357;S
20240321;100129;1374.8;28;9914043358;S
20240321;100129;1374.8;100;9914043359;S
20240321;100129;1374.8;145;9914043360;S
20240321;100129;1374.6;83;9914043361;S
20240321;100129;1375.2;1;9914043367;B
20240321;100129;1375.2;1;9914043368;B
20240321;100129;1375.2;1;9914043371;B
20240321;100130;1375.2;1;9914043447;B
20240321;100130;1374.8;1;9914043517;S
20240321;100132;1375;2;9914044054;S
20240321;100132;1375;6;9914044207;S
20240321;100132;1375;2;9914044208;S
20240321;100134;1375.6;10;9914044661;B
20240321;100137;1375.6;4;9914045168;B
20240321;100137;1375;3;9914045203;S
20240321;100137;1374.8;1;9914045206;S
20240321;100137;1375;4;9914045216;B
20240321;100137;1375.2;12;9914045217;B
20240321;100137;1375.4;22;9914045218;B
20240321;100137;1375.6;206;9914045219;B
20240321;100137;1375.6;25;9914045220;B
20240321;100137;1375.6;50;9914045221;B
20240321;100137;1375.6;81;9914045222;B
20240321;100138;1374.8;10;9914045301;B
20240321;100141;1375;4;9914045937;B
20240321;100141;1375;66;9914046010;B
20240321;100142;1375.2;6;9914046197;S
20240321;100142;1375.6;1;9914046229;B
20240321;100143;1375.6;9;9914046377;B
20240321;100143;1375.8;19;9914046378;B
20240321;100143;1375.4;23;9914046453;S
20240321;100143;1375.4;110;9914046454;S
20240321;100143;1375.2;67;9914046455;S
20240321;100145;1375.8;10;9914046715;B
20240321;100145;1375.8;2;9914046837;B
20240321;100146;1375.2;1;9914046906;S
20240321;100146;1375.2;145;9914047026;S
20240321;100147;1375.2;1;9914047173;S
20240321;100154;1375.6;3;9914048566;S
20240321;100154;1375.6;3;9914048582;S
20240321;100154;1375.8;88;9914048642;B
20240321;100154;1375.8;8;9914048643;B
20240321;100154;1375.8;255;9914048644;B
20240321;100154;1375.8;24;9914048645;S
20240321;100155;1375.6;1;9914048810;S
20240321;100155;1375.6;1;9914048812;S
20240321;100155;1375.8;5;9914048874;B
20240321;100155;1375.8;109;9914048879;B
20240321;100155;1375.6;1;9914048899;S
20240321;100157;1375.6;2;9914049175;S
20240321;100157;1375.6;2;9914049199;S
20240321;100157;1375.8;13;9914049377;B
20240321;100159;1375.6;1;9914049794;S
20240321;100159;1375.8;3;9914049827;B
20240321;100159;1375.8;145;9914049828;S
20240321;100159;1375.8;25;9914049829;S
20240321;100200;1375.8;1;9914049920;B
20240321;100200;1375.8;33;9914050037;B
20240321;100200;1375.8;1;9914050038;B
20240321;100200;1376;16;9914050039;B
20240321;100201;1376;12;9914050202;B
20240321;100201;1376;2;9914050219;B
20240321;100202;1375.8;2;9914050572;S
20240321;100202;1375.8;3;9914050601;S
20240321;100203;1375.8;1;9914050636;S
20240321;100203;1375.8;21;9914050956;S
20240321;100203;1375.8;79;9914050957;S
20240321;100203;1376;100;9914050969;B
20240321;100205;1376;1;9914051338;B
20240321;100205;1376;85;9914051339;B
20240321;100205;1376.2;15;9914051340;B
20240321;100205;1375.8;3;9914051382;S
20240321;100205;1375.8;5;9914051450;S
20240321;100206;1375.8;1;9914051587;S
20240321;100209;1376.2;1;9914052175;B
20240321;100211;1376;2;9914052652;S
20240321;100211;1376;3;9914052653;S
20240321;100214;1376.2;1;9914053502;B
20240321;100215;1376;16;9914053793;S
20240321;100216;1376;5;9914054075;S
20240321;100217;1375.8;5;9914054222;S
20240321;100217;1376;1;9914054314;B
20240321;100219;1376;3;9914054658;B
20240321;100219;1376;10;9914054659;B
20240321;100219;1375.8;2;9914054711;S
20240321;100219;1376;5;9914054722;B
20240321;100219;1376.2;10;9914054723;B
20240321;100219;1376.2;10;9914054724;B
20240321;100219;1376.6;3;9914054725;B
20240321;100219;1376.6;24;9914054726;B
20240321;100219;1376.8;2;9914054727;B
20240321;100219;1376.8;11;9914054728;B
20240321;100219;1376;2;9914054729;S
20240321;100219;1376.6;33;9914054735;B
20240321;100219;1376.8;47;9914054736;B
20240321;100219;1376.8;120;9914054737;B
20240321;100219;1376.8;5;9914054746;B
20240321;100219;1376.8;24;9914054747;B
20240321;100219;1377;1;9914054748;B
20240321;100219;1377;5;9914054749;B
20240321;100219;1377;35;9914054750;B
20240321;100219;1377;58;9914054751;B
20240321;100219;1377.2;58;9914054752;B
20240321;100219;1377.2;14;9914054753;B
20240321;100220;1377.2;58;9914054903;B
20240321;100220;1377.4;145;9914054904;B
20240321;100220;1377.4;58;9914054905;B
20240321;100220;1377.4;60;9914054906;B
20240321;100220;1377.4;25;9914054907;B
20240321;100220;1377.4;24;9914054908;B
20240321;100220;1377.6;58;9914054909;B
20240321;100220;1377.8;114;9914054910;B
20240321;100220;1377;25;9914055019;S
20240321;100220;1376.8;109;9914055020;S
20240321;100220;1376.8;1;9914055045;S
20240321;100221;1377.8;40;9914055150;B
20240321;100221;1377;15;9914055215;B
20240321;100223;1377.6;1;9914055840;B
20240321;100224;1376.8;36;9914056106;S
20240321;100224;1377.6;1;9914056159;B
20240321;100224;1377.6;2;9914056160;B
20240321;100224;1377.6;3;9914056161;B
20240321;100227;1377.6;7;9914056694;B
20240321;100227;1378;3;9914056695;B
20240321;100227;1378;19;9914056696;B
20240321;100227;1378;3;9914056872;B
20240321;100227;1378;10;9914056873;B
20240321;100227;1378;2;9914056874;B
20240321;100228;1377;3;9914056915;S
20240321;100228;1377;7;9914056972;S
20240321;100228;1377;24;9914056973;S
20240321;100228;1376.8;9;9914056974;S
20240321;100229;1377.4;3;9914057257;B
20240321;100229;1377.6;7;9914057258;B
20240321;100230;1376.8;1;9914057467;S
20240321;100232;1376.8;50;9914057983;S
20240321;100232;1376.8;28;9914058026;S
20240321;100236;1376.8;4;9914059040;S
20240321;100237;1377;2;9914059270;B
20240321;100237;1377;4;9914059287;B
20240321;100238;1377;6;9914059514;B
20240321;100240;1376.8;3;9914060013;S
20240321;100240;1376.8;30;9914060235;S
20240321;100241;1377;3;9914060392;B
20240321;100241;1377;10;9914060418;B
20240321;100241;1377;1;9914060427;B
20240321;100242;1376.8;1;9914060611;S
20240321;100242;1376.8;7;9914060707;S
20240321;100242;1377;18;9914060775;B
20240321;100243;1377;15;9914060993;B
20240321;100243;1377;14;9914060994;S
20240321;100243;1377;35;9914061008;S
20240321;100244;1377;2;9914061178;S
20240321;100244;1377;5;9914061218;S
20240321;100246;1377;5;9914061696;S
20240321;100246;1377;5;9914061729;S
20240321;100246;1377.2;2;9914061799;B
20240321;100246;1377.4;23;9914061800;B
20240321;100246;1377.4;20;9914061801;B
20240321;100246;1377.6;28;9914061802;B
20240321;100246;1377;100;9914061888;S
20240321;100249;1377.4;2;9914062480;B
20240321;100249;1377;1;9914062482;S
20240321;100250;1377;2;9914062559;S
20240321;100251;1377;2;9914062725;S
20240321;100251;1377;2;9914062739;S
20240321;100251;1377;7;9914062778;S
20240321;100251;1377.4;8;9914062945;B
20240321;100251;1377.4;5;9914062946;B
20240321;100251;1377.6;2;9914062947;B
20240321;100252;1377.4;9;9914063032;B
20240321;100252;1377.6;20;9914063033;B
20240321;100252;1377.6;8;9914063034;B
20240321;100252;1377.6;2;9914063035;B
20240321;100252;1377.6;1;9914063036;B
20240321;100252;1377.2;5;9914063102;S
20240321;100252;1377.2;3;9914063235;S
20240321;100252;1377.4;3;9914063253;S
20240321;100252;1377.4;1;9914063271;S
20240321;100252;1377.2;18;9914063272;S
20240321;100252;1377.2;7;9914063298;S
20240321;100252;1377.2;12;9914063299;S
20240321;100253;1377.4;2;9914063460;S
20240321;100253;1377.2;2;9914063466;S
20240321;100253;1377.4;1;9914063637;S
20240321;100253;1377.2;19;9914063638;S
20240321;100253;1377.4;1;9914063651;S
20240321;100253;1377.2;2;9914063652;S
20240321;100254;1377.6;1;9914063693;B
20240321;100254;1377.4;1;9914063750;S
20240321;100254;1377.2;1;9914063751;S
20240321;100254;1377.2;2;9914063753;S
20240321;100255;1377.6;3;9914063885;B
20240321;100255;1377.6;23;9914063886;B
20240321;100255;1377.8;220;9914063887;B
20240321;100255;1377.8;109;9914063888;B
20240321;100255;1378;78;9914063889;B
20240321;100255;1378;50;9914063890;B
20240321;100255;1378;25;9914063891;B
20240321;100255;1378.2;58;9914063892;B
20240321;100255;1378.2;145;9914063893;B
20240321;100255;1378.2;60;9914063894;B
20240321;100255;1378.4;9;9914063895;B
20240321;100255;1378.4;58;9914063896;B
20240321;100255;1378.4;5;9914063897;B
20240321;100255;1378.6;157;9914063898;B
20240321;100255;1377.6;1;9914063908;S
20240321;100256;1378.4;1;9914064154;B
20240321;100256;1378.4;99;9914064155;B
20240321;100257;1377.6;25;9914064396;S
20240321;100257;1377.4;12;9914064436;S
20240321;100257;1377.4;1;9914064437;S
20240321;100257;1377.4;4;9914064495;S
20240321;100257;1377.4;13;9914064496;S
20240321;100257;1377.4;9;9914064536;S
20240321;100257;1377.8;1;9914064668;B
20240321;100258;1377.4;1;9914064826;S
20240321;100258;1377.8;1;9914064836;B
20240321;100300;1377.2;19;9914065465;S
20240321;100300;1377.8;20;9914065525;B
20240321;100300;1377.8;1;9914065611;B
20240321;100301;1377.2;20;9914065653;S
20240321;100302;1377.2;15;9914065969;S
20240321;100302;1377.4;2;9914066016;B
20240321;100303;1377.4;10;9914066203;B
20240321;100304;1377.4;1;9914066430;B
20240321;100305;1377.2;4;9914066538;S
20240321;100305;1377.2;23;9914066539;S
20240321;100305;1377.2;56;9914066540;S
20240321;100305;1377.2;4;9914066555;S
20240321;100305;1377.2;1;9914066725;S
20240321;100306;1377.4;5;9914066944;B
20240321;100307;1377.4;12;9914067029;B
20240321;100307;1377.4;1;9914067030;B
20240321;100307;1377.6;5;9914067031;B
20240321;100308;1377.6;5;9914067300;B
20240321;100308;1377.6;2;9914067301;B
20240321;100308;1377.4;1;9914067319;S
20240321;100308;1377.4;1;9914067333;B
20240321;100308;1377.4;1;9914067395;B
20240321;100309;1377.4;1;9914067433;B
20240321;100309;1377.6;12;9914067434;B
20240321;100309;1377.6;8;9914067435;B
20240321;100309;1377.6;8;9914067465;B
20240321;100309;1377.6;18;9914067487;B
20240321;100310;1377.6;1;9914067647;B
20240321;100310;1377.6;17;9914067711;B
20240321;100310;1377.6;13;9914067780;B
20240321;100310;1377.6;13;9914067812;B
20240321;100311;1377.4;1;9914067861;B
20240321;100311;1377.6;99;9914067862;B
20240321;100311;1377.4;1;9914067959;B
20240321;100311;1377.6;12;9914067960;B
20240321;100311;1377.6;5;9914067961;B
20240321;100311;1377.4;20;9914067984;S
20240321;100312;1377.8;9;9914068237;B
20240321;100312;1377.8;3;9914068238;B
20240321;100313;1377.4;1;9914068313;S
20240321;100314;1377.8;17;9914068694;B
20240321;100314;1377.8;1;9914068695;B
20240321;100316;1377.6;5;9914069061;B
20240321;100316;1377.8;13;9914069062;B
20240321;100316;1378;25;9914069063;B
20240321;100316;1378;40;9914069064;B
20240321;100317;1378;70;9914069139;B
20240321;100317;1378;1;9914069150;B
20240321;100317;1378;20;9914069225;B
20240321;100319;1377.8;1;9914069420;B
20240321;100319;1377.8;4;9914069534;B
20240321;100319;1378;19;9914069535;B
20240321;100319;1378;22;9914069536;B
20240321;100319;1378;42;9914069537;B
20240321;100319;1378.2;12;9914069538;B
20240321;100319;1378.4;1;9914069539;B
20240321;100319;1378.4;60;9914069540;B
20240321;100319;1378.6;100;9914069541;B
20240321;100320;1378.6;10;9914069634;B
20240321;100320;1378.8;4;9914069690;B
20240321;100322;1378.8;20;9914070073;B
20240321;100322;1378.8;1;9914070074;B
20240321;100322;1378.8;3;9914070075;B
20240321;100322;1378.8;15;9914070076;B
20240321;100323;1378.2;5;9914070184;S
20240321;100323;1378.2;1;9914070260;S
20240321;100324;1378.8;35;9914070461;B
20240321;100324;1378.8;2;9914070462;B
20240321;100324;1378.8;50;9914070463;B
20240321;100324;1378.8;12;9914070464;B
20240321;100324;1378.8;25;9914070465;B
20240321;100324;1378.8;1;9914070466;B
20240321;100324;1379;1;9914070467;B
20240321;100324;1379;1;9914070468;B
20240321;100324;1379;3;9914070469;B
20240321;100325;1379;11;9914070636;B
20240321;100326;1378.4;8;9914070915;S
20240321;100327;1378.6;5;9914071115;S
20240321;100327;1378.6;26;9914071116;S
20240321;100328;1378.6;7;9914071287;B
20240321;100328;1378.6;37;9914071317;B
20240321;100328;1378.6;17;9914071337;B
20240321;100328;1378.4;8;9914071393;S
20240321;100328;1378.2;100;9914071394;S
20240321;100328;1378.2;2;9914071395;S
20240321;100329;1378.2;3;9914071464;S
20240321;100329;1378.2;20;9914071509;S
20240321;100331;1378.6;3;9914071764;B
20240321;100333;1378.6;5;9914071977;B
20240321;100334;1378.6;3;9914072146;B
20240321;100338;1378.6;397;9914072957;B
20240321;100338;1378.6;76;9914072958;B
20240321;100338;1378.6;1;9914072959;B
20240321;100339;1378.8;1;9914073071;B
20240321;100339;1379;9;9914073072;B
20240321;100339;1378.6;50;9914073114;S
20240321;100340;1379;2;9914073297;B
20240321;100340;1378.6;8;9914073462;S
20240321;100341;1379;5;9914073606;B
20240321;100341;1379;1;9914073607;B
20240321;100341;1379;1;9914073608;B
20240321;100341;1379;6;9914073609;B
20240321;100341;1379;42;9914073610;B
20240321;100341;1379;50;9914073611;B
20240321;100341;1379;4;9914073612;B
20240321;100341;1379;1;9914073613;B
20240321;100341;1379;1;9914073625;B
20240321;100342;1379;1;9914073663;B
20240321;100342;1379;1;9914073664;B
20240321;100342;1379;10;9914073665;B
20240321;100343;1379;10;9914073849;B
20240321;100343;1379;25;9914073850;B
20240321;100346;1378.6;1;9914074330;S
20240321;100347;1378.6;8;9914074548;S
20240321;100348;1379;1;9914074648;B
20240321;100348;1378.6;2;9914074784;S
20240321;100348;1378.6;1;9914074792;S
20240321;100348;1378.6;1;9914074800;S
20240321;100349;1378.6;5;9914074969;S
20240321;100350;1378.6;1;9914075109;S
20240321;100350;1378.6;1;9914075119;S
20240321;100352;1379;1;9914075446;B
20240321;100352;1379;2;9914075566;B
20240321;100353;1378.6;1;9914075726;S
20240321;100354;1379;1;9914075807;B
20240321;100354;1378.6;1;9914075859;S
20240321;100356;1378.8;145;9914076146;B
20240321;100356;1378.8;80;9914076147;B
20240321;100356;1379;70;9914076148;B
20240321;100356;1379;3;9914076149;B
20240321;100356;1379;1;9914076150;B
20240321;100356;1379;1;9914076151;B
20240321;100356;1379;5;9914076152;B
20240321;100356;1379;95;9914076153;B
20240321;100356;1378.6;1;9914076276;S
20240321;100356;1378.8;10;9914076341;B
20240321;100357;1378.8;1;9914076530;B
20240321;100358;1378.8;46;9914076714;B
20240321;100359;1378.6;5;9914076807;S
20240321;100359;1378.8;200;9914076875;S
20240321;100359;1378.8;300;9914076904;B
20240321;100359;1378.8;200;9914076905;B
20240321;100359;1379;1;9914076937;B
20240321;100401;1379;3;9914077385;B
20240321;100401;1378.6;3;9914077463;S
20240321;100402;1378.6;10;9914077663;S
20240321;100402;1378.6;162;9914077676;S
20240321;100402;1378.6;100;9914077677;S
20240321;100402;1378.6;37;9914077678;S
20240321;100402;1378.6;1;9914077679;S
20240321;100402;1378.6;7;9914077680;S
20240321;100402;1378.6;30;9914077681;S
20240321;100402;1378.6;8;9914077682;S
20240321;100402;1378.6;100;9914077683;S
20240321;100402;1378.6;4;9914077684;S
20240321;100402;1378.6;1;9914077685;S
20240321;100402;1378.6;2;9914077686;S
20240321;100402;1378.4;37;9914077687;S
20240321;100402;1378.4;5;9914077688;S
20240321;100402;1378.4;23;9914077689;S
20240321;100402;1378.4;25;9914077690;S
20240321;100402;1378.4;25;9914077691;S
20240321;100402;1378.4;37;9914077692;S
20240321;100402;1378.2;15;9914077693;S
20240321;100402;1378.2;10;9914077694;S
20240321;100402;1378.2;5;9914077695;S
20240321;100402;1378.2;8;9914077696;S
20240321;100402;1378;5;9914077697;S
20240321;100402;1378;75;9914077698;S
20240321;100402;1378;4;9914077699;S
20240321;100402;1378;10;9914077700;S
20240321;100402;1378;3;9914077701;S
20240321;100402;1377.8;12;9914077702;S
20240321;100402;1377.6;206;9914077703;S
20240321;100402;1377.6;31;9914077704;S
20240321;100403;1378.2;3;9914077821;B
20240321;100403;1378.2;9;9914077895;B
20240321;100403;1378.2;25;9914077896;B
20240321;100403;1378.2;25;9914077897;B
20240321;100403;1378;1;9914077899;S
20240321;100403;1378;1;9914077917;S
20240321;100403;1378.2;1;9914077975;B
20240321;100404;1378.4;19;9914078013;B
20240321;100405;1378.4;39;9914078209;B
20240321;100405;1378.4;85;9914078210;B
20240321;100405;1378.4;60;9914078211;B
20240321;100405;1378.6;58;9914078212;B
20240321;100405;1378.6;206;9914078213;B
20240321;100405;1378.6;25;9914078214;B
20240321;100405;1378.6;8;9914078215;B
20240321;100405;1378.6;25;9914078216;B
20240321;100405;1378.8;58;9914078217;B
20240321;100405;1378.8;211;9914078218;B
20240321;100405;1378.8;5;9914078219;B
20240321;100405;1379;201;9914078220;B
20240321;100405;1379;1;9914078221;B
20240321;100405;1379;18;9914078222;B
20240321;100405;1378.8;20;9914078388;B
20240321;100405;1378.4;1;9914078396;S
20240321;100406;1378.4;1;9914078586;S
20240321;100407;1378.4;1;9914078686;S
20240321;100407;1378.8;38;9914078740;B
20240321;100407;1378.8;1;9914078741;B
20240321;100407;1378.8;5;9914078743;B
20240321;100407;1378.8;53;9914078745;B
20240321;100407;1379;3;9914078746;B
20240321;100408;1378.6;105;9914078748;S
20240321;100408;1378.6;25;9914078749;S
20240321;100408;1378.4;70;9914078750;S
20240321;100408;1378.4;1;9914078807;S
20240321;100408;1378.4;100;9914078894;S
20240321;100409;1378.4;5;9914078985;S
20240321;100409;1378.4;1;9914078999;S
20240321;100409;1378.6;1;9914079061;B
20240321;100409;1378.8;86;9914079062;B
20240321;100409;1379;38;9914079063;B
20240321;100409;1379;50;9914079064;B
20240321;100409;1379;10;9914079065;B
20240321;100409;1379;359;9914079066;B
20240321;100410;1378.4;1;9914079182;S
20240321;100410;1378.4;10;9914079251;S
20240321;100411;1378.4;1;9914079422;S
20240321;100411;1378.4;1;9914079438;S
20240321;100411;1378.8;1;9914079442;B
20240321;100411;1379;39;9914079443;B
20240321;100411;1379;49;9914079493;B
20240321;100412;1378.4;7;9914079724;S
20240321;100412;1378.4;43;9914079725;S
20240321;100412;1379;70;9914079828;B
20240321;100412;1378.4;1;9914079839;S
20240321;100413;1378.4;1;9914080000;S
20240321;100413;1378.4;3;9914080011;S
20240321;100414;1379;58;9914080095;B
20240321;100414;1378.4;1;9914080164;S
20240321;100415;1378.4;1;9914080286;S
20240321;100415;1378.4;7;9914080344;S
20240321;100415;1378.4;12;9914080345;S
20240321;100415;1378.4;14;9914080346;S
20240321;100415;1378.4;3;9914080384;S
20240321;100415;1378.4;4;9914080429;S
20240321;100415;1378.8;1;9914080492;B
20240321;100416;1378.4;10;9914080544;S
20240321;100416;1378.4;3;9914080725;S
20240321;100417;1378.6;1;9914080866;B
20240321;100418;1378.6;1;9914081159;B
20240321;100421;1378.8;2;9914081773;B
20240321;100422;1378.4;1;9914082079;S
20240321;100422;1378.4;13;9914082091;S
20240321;100422;1378.4;8;9914082092;S
20240321;100422;1378.4;5;9914082263;S
20240321;100423;1378.4;1;9914082396;S
20240321;100423;1378.4;86;9914082487;S
20240321;100423;1378.4;14;9914082488;S
20240321;100424;1378.8;2;9914082501;B
20240321;100424;1378.8;1;9914082580;B
20240321;100426;1378.4;38;9914082894;S
20240321;100426;1378.4;14;9914082895;S
20240321;100426;1378.2;2;9914082951;S
20240321;100427;1378.4;1;9914083132;B
20240321;100427;1378.4;1;9914083181;B
20240321;100427;1378.4;19;9914083182;B
20240321;100427;1378.4;8;9914083188;B
20240321;100427;1378.4;2;9914083189;B
20240321;100428;1378.6;25;9914083357;B
20240321;100428;1378.6;6;9914083358;B
20240321;100428;1378.6;9;9914083359;B
20240321;100428;1378.4;1;9914083367;S
20240321;100429;1378.6;1;9914083543;B
20240321;100429;1378.2;2;9914083621;S
20240321;100429;1378.6;2;9914083698;B
20240321;100429;1378.6;1;9914083699;B
20240321;100430;1378.2;3;9914083917;S
20240321;100430;1378.2;3;9914083950;S
20240321;100431;1378.2;1;9914084151;S
20240321;100432;1378.2;2;9914084178;S
20240321;100432;1378.2;2;9914084182;S
20240321;100432;1378.4;2;9914084341;B
20240321;100433;1378.4;1;9914084398;B
20240321;100433;1378.4;51;9914084466;B
20240321;100433;1378.4;27;9914084474;B
20240321;100433;1378.4;25;9914084475;B
20240321;100433;1378.4;220;9914084476;B
20240321;100433;1378.6;60;9914084477;B
20240321;100433;1378.6;58;9914084478;B
20240321;100433;1378.6;110;9914084479;B
20240321;100434;1378.4;5;9914084523;B
20240321;100434;1378.4;8;9914084581;B
20240321;100435;1378.2;10;9914084738;S
20240321;100437;1378.2;5;9914084963;S
20240321;100438;1378.2;1;9914085220;S
20240321;100438;1378.4;207;9914085256;B
20240321;100438;1378.4;27;9914085257;B
20240321;100438;1378.6;48;9914085258;B
20240321;100438;1378.6;25;9914085259;B
20240321;100439;1378.4;1;9914085383;S
20240321;100440;1378.6;2;9914085555;B
20240321;100440;1378.6;31;9914085587;B
20240321;100440;1378.6;91;9914085588;B
20240321;100440;1378.6;27;9914085589;B
20240321;100440;1378.8;20;9914085590;B
20240321;100440;1378.8;1;9914085591;B
20240321;100440;1378.8;6;9914085592;B
20240321;100440;1378.8;1;9914085593;B
20240321;100440;1378.8;5;9914085594;B
20240321;100440;1378.8;118;9914085595;B
20240321;100440;1378.6;58;9914085596;S
20240321;100440;1378.8;1;9914085639;B
20240321;100441;1378.6;5;9914085656;S
20240321;100441;1378.6;30;9914085670;S
20240321;100442;1378.4;5;9914086320;S
20240321;100442;1378.6;5;9914086415;B
20240321;100443;1378.6;48;9914086428;B
20240321;100443;1378.4;38;9914086551;S
20240321;100444;1378.4;20;9914086727;S
20240321;100445;1378.4;25;9914086882;S
20240321;100446;1378.6;5;9914087094;B
20240321;100446;1378.6;1;9914087106;B
20240321;100446;1378.6;17;9914087185;B
20240321;100446;1378.4;5;9914087202;S
20240321;100446;1378.4;3;9914087224;S
20240321;100446;1378.4;3;9914087250;S
20240321;100446;1378.4;200;9914087268;S
20240321;100446;1378.4;58;9914087269;S
20240321;100447;1378.2;9;9914087386;S
20240321;100447;1378.2;9;9914087398;S
20240321;100448;1378.2;2;9914087693;S
20240321;100449;1378.4;1;9914087868;B
20240321;100450;1378.2;1;9914087901;S
20240321;100450;1378.4;1;9914087909;B
20240321;100450;1378.4;1;9914087999;B
20240321;100451;1378.4;1;9914088126;B
20240321;100452;1378.4;1;9914088241;B
20240321;100452;1378.4;1;9914088270;B
20240321;100452;1378.4;1;9914088290;B
20240321;100453;1378.4;1;9914088379;B
20240321;100453;1378.4;1;9914088380;B
20240321;100453;1378.4;1;9914088381;B
20240321;100453;1378.4;10;9914088394;B
20240321;100453;1378.4;1;9914088406;B
20240321;100453;1378.4;221;9914088452;B
20240321;100453;1378.4;220;9914088453;B
20240321;100453;1378.4;25;9914088454;B
20240321;100453;1378.4;29;9914088455;B
20240321;100453;1378.4;35;9914088456;B
20240321;100453;1378.6;99;9914088457;B
20240321;100453;1378.6;60;9914088458;B
20240321;100453;1378.6;34;9914088459;B
20240321;100453;1378.6;20;9914088460;B
20240321;100453;1378.8;257;9914088461;B
20240321;100454;1378.6;1;9914088570;B
20240321;100454;1378.6;1;9914088571;B
20240321;100454;1378.6;1;9914088684;B
20240321;100455;1378.6;1;9914088723;B
20240321;100455;1378.6;1;9914088725;B
20240321;100455;1378.6;10;9914088794;B
20240321;100455;1378.6;1;9914088814;B
20240321;100455;1378.6;1;9914088816;B
20240321;100455;1378.6;1;9914088817;B
20240321;100456;1378.6;17;9914088970;B
20240321;100457;1378.6;2;9914089228;B
20240321;100457;1378.6;75;9914089232;B
20240321;100458;1378.4;1;9914089345;B
20240321;100458;1378.4;2;9914089371;B
20240321;100459;1378.2;13;9914089460;S
20240321;100459;1378.2;34;9914089461;S
20240321;100459;1378.2;100;9914089462;S
20240321;100459;1378.2;1;9914089463;S
20240321;100459;1378;3;9914089464;S
20240321;100459;1378;1;9914089465;S
20240321;100459;1378;96;9914089466;S
20240321;100459;1378;6;9914089467;S
20240321;100459;1378;6;9914089468;S
20240321;100459;1378;30;9914089469;S
20240321;100459;1378;25;9914089470;S
20240321;100459;1378;3;9914089471;S
20240321;100459;1377.8;100;9914089472;S
20240321;100459;1377.8;14;9914089473;S
20240321;100459;1377.8;111;9914089474;S
20240321;100459;1377.8;10;9914089475;S
20240321;100459;1377.8;8;9914089476;S
20240321;100459;1377.8;8;9914089477;S
20240321;100459;1377.8;5;9914089478;S
20240321;100459;1377.6;12;9914089479;S
20240321;100459;1377.6;5;9914089480;S
20240321;100459;1377.6;132;9914089481;S
20240321;100459;1377.6;11;9914089482;S
20240321;100459;1377.6;111;9914089483;S
20240321;100459;1377.6;52;9914089484;S
20240321;100459;1378;1;9914089501;B
20240321;100459;1378;10;9914089561;B
20240321;100501;1377.6;5;9914089865;S
20240321;100501;1377.8;3;9914089891;B
20240321;100502;1377.8;2;9914090052;B
20240321;100502;1377.8;48;9914090053;B
20240321;100503;1377.8;80;9914090219;B
20240321;100503;1377.6;10;9914090243;S
20240321;100503;1377.8;1;9914090247;B
20240321;100504;1377.6;1;9914090306;S
20240321;100505;1377.8;2;9914090524;B
20240321;100506;1377.8;5;9914090722;B
20240321;100506;1377.6;2;9914090782;S
20240321;100506;1377.6;2;9914090787;S
20240321;100507;1377.6;1;9914090921;S
20240321;100507;1377.4;50;9914090922;S
20240321;100507;1377.4;50;9914090923;S
20240321;100507;1377.4;1;9914090924;S
20240321;100507;1377.4;98;9914090925;S
20240321;100508;1377.6;2;9914091056;B
20240321;100508;1377.6;71;9914091290;B
20240321;100508;1377.6;13;9914091291;B
20240321;100509;1377.6;15;9914091474;B
20240321;100511;1377.4;2;9914091816;S
20240321;100511;1377.4;4;9914091817;S
20240321;100512;1377.6;5;9914091924;B
20240321;100512;1377.6;101;9914092280;B
20240321;100513;1377.6;39;9914092351;B
20240321;100513;1377.6;29;9914092352;B
20240321;100513;1377.8;4;9914092353;B
20240321;100514;1377.4;96;9914092598;S
20240321;100514;1377.4;29;9914092599;S
20240321;100514;1377.4;31;9914092600;S
20240321;100514;1377.2;44;9914092601;S
20240321;100515;1377.4;50;9914092776;B
20240321;100517;1377.4;1;9914093197;B
20240321;100518;1377.4;95;9914093284;B
20240321;100518;1377.2;1;9914093287;S
20240321;100518;1377.2;1;9914093470;S
20240321;100519;1377.2;1;9914093554;S
20240321;100519;1377.4;2;9914093555;B
20240321;100519;1377.4;43;9914093644;B
20240321;100522;1377.4;20;9914094461;B
20240321;100523;1377.4;2;9914094584;B
20240321;100523;1377.4;2;9914094726;B
20240321;100524;1377.4;17;9914094782;B
20240321;100524;1377.2;37;9914094867;S
20240321;100524;1377.2;17;9914094892;S
20240321;100524;1377.2;1;9914094893;S
20240321;100524;1377;1;9914094894;S
20240321;100524;1377;18;9914094895;S
20240321;100525;1377.2;56;9914095046;B
20240321;100525;1377.2;29;9914095047;B
20240321;100525;1377.2;3;9914095048;B
20240321;100525;1377.4;30;9914095127;B
20240321;100526;1377.4;30;9914095341;B
20240321;100526;1377.4;139;9914095402;B
20240321;100526;1377.4;100;9914095403;B
20240321;100526;1377.4;1;9914095404;B
20240321;100526;1377.4;50;9914095405;B
20240321;100526;1377.6;10;9914095406;B
20240321;100527;1377.2;12;9914095600;S
20240321;100527;1377.2;25;9914095601;S
20240321;100527;1377.2;206;9914095602;S
20240321;100527;1377.2;57;9914095603;S
20240321;100529;1377.2;15;9914096002;S
20240321;100529;1377.6;1;9914096046;B
20240321;100529;1377.2;66;9914096139;S
20240321;100529;1377.2;57;9914096140;S
20240321;100529;1377.2;25;9914096141;S
20240321;100529;1377;182;9914096142;S
20240321;100529;1377;13;9914096143;S
20240321;100529;1377;1;9914096144;S
20240321;100529;1377;1;9914096145;S
20240321;100529;1377;100;9914096146;S
20240321;100529;1377;100;9914096147;S
20240321;100529;1377;58;9914096148;S
20240321;100529;1377;1;9914096149;S
20240321;100529;1377;2;9914096150;S
20240321;100529;1377;95;9914096151;S
20240321;100529;1377;18;9914096152;S
20240321;100529;1377;7;9914096153;S
20240321;100529;1377;20;9914096154;S
20240321;100534;1377.2;1;9914096843;S
20240321;100534;1377.2;10;9914096856;S
20240321;100534;1377.4;2;9914096859;B
20240321;100539;1377.2;10;9914098132;S
20240321;100539;1377.2;20;9914098170;S
20240321;100539;1377.4;7;9914098221;B
20240321;100540;1377.4;10;9914098311;B
20240321;100540;1377.2;2;9914098361;S
20240321;100540;1377.2;2;9914098362;S
20240321;100541;1377.4;2;9914098482;B
20240321;100541;1377.2;1;9914098483;S
20240321;100541;1377.2;1;9914098484;S
20240321;100542;1377.2;3;9914098565;S
20240321;100542;1377.2;41;9914098566;S
20240321;100543;1377.2;18;9914098775;S
20240321;100543;1377;7;9914098776;S
20240321;100543;1377.2;3;9914098806;B
20240321;100544;1377;10;9914098824;S
20240321;100544;1377.2;5;9914098858;B
20240321;100544;1377;1;9914098944;S
20240321;100546;1377.2;10;9914099203;B
20240321;100547;1377.2;2;9914099232;B
20240321;100548;1377.2;7;9914099389;B
20240321;100548;1377.2;1;9914099410;B
20240321;100548;1377.2;1;9914099445;B
20240321;100548;1377;5;9914099488;S
20240321;100549;1377.2;29;9914099619;B
20240321;100550;1377;100;9914099778;S
20240321;100551;1377.2;11;9914099866;B
20240321;100551;1377.2;1;9914099929;B
20240321;100552;1377;3;9914100037;S
20240321;100552;1377;3;9914100055;S
20240321;100552;1377;38;9914100112;S
20240321;100552;1377;38;9914100174;S
20240321;100552;1377;2;9914100208;S
20240321;100553;1377.2;2;9914100283;B
20240321;100553;1377.2;4;9914100304;B
20240321;100554;1377;14;9914100453;S
20240321;100554;1377.2;1;9914100524;B
20240321;100554;1377.2;2;9914100559;B
20240321;100554;1377.2;5;9914100626;B
20240321;100556;1377;100;9914100833;S
20240321;100556;1377;1;9914100876;S
20240321;100557;1377.2;1;9914100966;B
20240321;100557;1377;21;9914101021;S
20240321;100557;1377;1;9914101022;S
20240321;100557;1377;3;9914101023;S
20240321;100558;1377;56;9914101235;S
20240321;100558;1377;1;9914101236;S
20240321;100558;1377;43;9914101237;S
20240321;100558;1377;29;9914101282;S
20240321;100558;1377;75;9914101283;S
20240321;100558;1377;3;9914101284;S
20240321;100558;1377;3;9914101285;S
20240321;100558;1377;14;9914101286;S
20240321;100558;1377;400;9914101287;B
20240321;100558;1376.8;15;9914101288;S
20240321;100559;1376.8;1;9914101414;S
20240321;100559;1376.8;1;9914101426;S
20240321;100559;1376.8;4;9914101479;S
20240321;100559;1376.8;4;9914101484;S
20240321;100600;1376.8;8;9914101609;S
20240321;100600;1377;2;9914101665;B
20240321;100600;1377;5;9914101736;B
20240321;100601;1377;36;9914101774;B
20240321;100601;1377;40;9914101800;B
20240321;100603;1377;4;9914102201;B
20240321;100603;1377;28;9914102302;B
20240321;100603;1377;3;9914102312;B
20240321;100604;1377;14;9914102403;B
20240321;100604;1377;1;9914102426;B
20240321;100605;1377;15;9914102561;B
20240321;100606;1376.8;26;9914102825;S
20240321;100606;1376.8;1;9914102826;S
20240321;100606;1376.8;1;9914102827;S
20240321;100606;1376.8;1;9914102828;S
20240321;100606;1376.8;24;9914102829;S
20240321;100606;1376.8;42;9914102830;S
20240321;100606;1376.8;16;9914102831;S
20240321;100606;1376.6;9;9914102832;S
20240321;100606;1376.6;34;9914102895;S
20240321;100606;1376.6;13;9914102896;S
20240321;100606;1376.6;58;9914102897;S
20240321;100607;1376.8;13;9914102923;B
20240321;100607;1376.8;2;9914103004;B
20240321;100607;1376.8;7;9914103053;B
20240321;100607;1376.8;13;9914103061;B
20240321;100607;1376.8;13;9914103108;B
20240321;100608;1376.8;13;9914103161;B
20240321;100608;1376.8;13;9914103285;B
20240321;100608;1376.8;30;9914103370;B
20240321;100609;1376.8;18;9914103430;B
20240321;100609;1376.8;13;9914103441;B
20240321;100609;1376.6;11;9914103524;S
20240321;100609;1376.6;11;9914103569;S
20240321;100609;1376.8;8;9914103608;B
20240321;100611;1376.8;13;9914103956;B
20240321;100612;1376.8;150;9914104102;B
20240321;100612;1376.8;18;9914104237;B
20240321;100613;1376.8;12;9914104412;B
20240321;100613;1376.8;13;9914104467;B
20240321;100613;1376.8;18;9914104479;B
20240321;100613;1376.8;9;9914104538;B
20240321;100614;1376.8;1;9914104598;B
20240321;100614;1376.8;1;9914104693;B
20240321;100615;1376.8;28;9914104980;B
20240321;100616;1376.8;30;9914105112;B
20240321;100616;1376.8;13;9914105189;B
20240321;100616;1376.8;13;9914105205;B
20240321;100617;1376.8;1;9914105298;B
20240321;100617;1376.8;1;9914105301;B
20240321;100617;1376.8;1;9914105388;B
20240321;100617;1376.8;12;9914105389;B
20240321;100618;1376.8;3;9914105430;B
20240321;100618;1376.8;15;9914105431;B
20240321;100618;1376.6;1;9914105433;S
20240321;100618;1376.4;30;9914105434;S
20240321;100618;1376.4;19;9914105435;S
20240321;100618;1376.8;7;9914105436;B
20240321;100618;1376.8;10;9914105575;B
20240321;100620;1376.8;1;9914105828;B
20240321;100621;1376.8;36;9914105923;B
20240321;100622;1376.4;38;9914106167;S
20240321;100622;1376.4;38;9914106228;S
20240321;100622;1376.6;1;9914106339;B
20240321;100623;1376.6;26;9914106554;B
20240321;100623;1376.6;17;9914106555;B
20240321;100623;1376.6;18;9914106571;B
20240321;100623;1376.8;20;9914106619;B
20240321;100624;1376.8;1;9914106647;B
20240321;100624;1376.8;1;9914106688;B
20240321;100624;1376.8;7;9914106735;B
20240321;100626;1376.4;8;9914107065;S
20240321;100628;1376.6;10;9914107402;B
20240321;100628;1376.6;10;9914107437;B
20240321;100628;1376.4;14;9914107442;S
20240321;100628;1376.2;1;9914107443;S
20240321;100628;1376.2;58;9914107444;S
20240321;100628;1376.2;25;9914107445;S
20240321;100628;1376.2;30;9914107446;S
20240321;100628;1376.2;15;9914107447;S
20240321;100628;1376.2;100;9914107448;S
20240321;100628;1376;500;9914107449;S
20240321;100628;1376;100;9914107450;S
20240321;100628;1376;2;9914107451;S
20240321;100628;1376;40;9914107452;S
20240321;100628;1376;115;9914107453;S
20240321;100628;1376.4;1;9914107473;B
20240321;100628;1376.4;1;9914107515;B
20240321;100628;1376.4;5;9914107544;B
20240321;100628;1376.4;100;9914107553;B
20240321;100631;1376.4;4;9914107993;B
20240321;100632;1376.4;30;9914108236;B
20240321;100632;1376.4;99;9914108237;B
20240321;100633;1376.2;1;9914108468;S
20240321;100634;1376.2;2;9914108852;S
20240321;100634;1376.2;2;9914108855;S
20240321;100635;1376.2;4;9914108961;S
20240321;100635;1376.2;4;9914108969;S
20240321;100635;1376.4;40;9914108980;B
20240321;100635;1376.2;1;9914108988;S
20240321;100635;1376.2;1;9914108990;S
20240321;100635;1376.2;3;9914109068;S
20240321;100635;1376.2;3;9914109088;S
20240321;100635;1376.2;4;9914109179;S
20240321;100635;1376.2;4;9914109189;S
20240321;100636;1376.4;10;9914109228;B
20240321;100636;1376.2;4;9914109269;S
20240321;100636;1376.2;4;9914109286;S
20240321;100636;1376.4;6;9914109428;B
20240321;100637;1376.4;1;9914109529;B
20240321;100637;1376.4;1;9914109585;B
20240321;100637;1376.2;9;9914109684;S
20240321;100638;1376.2;3;9914109856;S
20240321;100639;1376.2;14;9914109889;S
20240321;100639;1376.2;2;9914109890;S
20240321;100639;1376;4;9914109891;S
20240321;100640;1376;381;9914110336;S
20240321;100640;1376;12;9914110337;S
20240321;100640;1376;103;9914110338;S
20240321;100640;1376;4;9914110339;S
20240321;100640;1376;100;9914110340;S
20240321;100640;1375.8;72;9914110341;S
20240321;100640;1375.8;58;9914110342;S
20240321;100640;1375.8;25;9914110343;S
20240321;100640;1375.8;49;9914110344;S
20240321;100640;1375.8;30;9914110345;S
20240321;100640;1375.6;166;9914110346;S
20240321;100640;1375.8;22;9914110364;B
20240321;100640;1375.6;97;9914110410;S
20240321;100641;1375.6;65;9914110440;S
20240321;100641;1375.6;5;9914110464;S
20240321;100642;1375.6;3;9914110654;S
20240321;100642;1375.8;10;9914110797;B
20240321;100643;1375.6;39;9914110869;S
20240321;100644;1375.6;2;9914111067;S
20240321;100644;1375.8;1;9914111165;B
20240321;100645;1375.8;1;9914111342;B
20240321;100646;1375.6;4;9914111711;S
20240321;100646;1375.6;3;9914111773;S
20240321;100647;1375.8;15;9914111900;B
20240321;100647;1375.6;102;9914111988;S
20240321;100647;1375.6;4;9914111989;S
20240321;100647;1375.6;15;9914112122;S
20240321;100648;1375.8;4;9914112232;B
20240321;100649;1375.6;1;9914112338;S
20240321;100649;1375.6;4;9914112509;S
20240321;100649;1375.6;40;9914112540;S
20240321;100651;1375.8;9;9914112926;B
20240321;100651;1375.8;1;9914113002;B
20240321;100652;1375.8;1;9914113089;B
20240321;100652;1375.6;1;9914113090;S
20240321;100652;1375.6;1;9914113134;S
20240321;100653;1375.6;6;9914113228;S
20240321;100653;1375.6;1;9914113229;S
20240321;100653;1375.6;10;9914113230;S
20240321;100653;1375.6;63;9914113231;S
20240321;100653;1375.4;25;9914113232;S
20240321;100653;1375.4;4;9914113237;S
20240321;100654;1375.4;101;9914113449;S
20240321;100654;1375.4;26;9914113450;S
20240321;100654;1375.2;500;9914113451;S
20240321;100654;1375.2;2;9914113452;S
20240321;100654;1375.2;58;9914113453;S
20240321;100654;1375.2;22;9914113454;S
20240321;100654;1375.2;9;9914113455;S
20240321;100654;1375.2;32;9914113456;S
20240321;100654;1375.2;30;9914113457;S
20240321;100654;1375;10;9914113458;S
20240321;100654;1375;35;9914113459;S
20240321;100654;1375;10;9914113460;S
20240321;100654;1375;15;9914113461;S
20240321;100654;1375;50;9914113462;S
20240321;100654;1375;100;9914113463;S
20240321;100656;1375.4;1;9914113756;B
20240321;100702;1375.4;2;9914114726;B
20240321;100702;1375.4;1;9914114834;B
20240321;100703;1375;2;9914114931;S
20240321;100703;1375;16;9914114956;S
20240321;100703;1375;6;9914114957;S
20240321;100703;1375;37;9914114958;S
20240321;100703;1375;1;9914114978;S
20240321;100704;1375.2;220;9914115149;B
20240321;100704;1375.2;25;9914115150;B
20240321;100704;1375.2;30;9914115151;B
20240321;100704;1375.4;109;9914115152;B
20240321;100704;1375.4;66;9914115153;B
20240321;100704;1375.4;104;9914115154;B
20240321;100704;1375.4;47;9914115155;B
20240321;100704;1375.6;7;9914115156;B
20240321;100705;1375.4;3;9914115282;S
20240321;100705;1375.2;2;9914115283;S
20240321;100709;1375;3;9914116253;S
20240321;100712;1375.2;3;9914116637;S
20240321;100713;1375.4;3;9914116723;B
20240321;100713;1375.6;2;9914116724;B
20240321;100713;1375.2;10;9914116726;S
20240321;100714;1375.2;38;9914116847;S
20240321;100714;1375.2;54;9914116848;S
20240321;100714;1375;179;9914116849;S
20240321;100714;1375;1;9914116850;S
20240321;100714;1375;1;9914116851;S
20240321;100714;1375;20;9914116852;S
20240321;100714;1375;1;9914116853;S
20240321;100714;1375;1;9914116854;S
20240321;100714;1375;2;9914116855;S
20240321;100714;1375;2;9914116856;S
20240321;100714;1375;1;9914116857;S
20240321;100714;1375;59;9914116858;S
20240321;100714;1375;1;9914116859;S
20240321;100714;1375;32;9914116860;S
20240321;100714;1375;30;9914116861;S
20240321;100714;1375;1;9914116862;S
20240321;100715;1375;36;9914117114;B
20240321;100717;1375;4;9914117379;B
20240321;100717;1375;15;9914117453;B
20240321;100718;1374.8;1;9914117546;S
20240321;100718;1374.8;1;9914117547;S
20240321;100718;1374.8;50;9914117571;S
20240321;100718;1375;1;9914117619;B
20240321;100719;1375;1;9914117667;B
20240321;100720;1374.8;27;9914117957;S
20240321;100722;1375;5;9914118194;B
20240321;100722;1374.8;5;9914118251;S
20240321;100722;1375;11;9914118258;B
20240321;100723;1375;950;9914118298;B
20240321;100725;1375;1;9914118694;B
20240321;100726;1375;2;9914118810;B
20240321;100726;1375;1;9914118851;B
20240321;100726;1375;20;9914118876;B
20240321;100726;1374.8;2;9914118925;S
20240321;100729;1375;1;9914119339;B
20240321;100729;1374.8;2;9914119369;S
20240321;100730;1375;2;9914119522;B
20240321;100731;1374.8;13;9914119725;S
20240321;100731;1374.8;8;9914119726;S
20240321;100731;1374.8;1;9914119796;S
20240321;100732;1375;1;9914119856;B
20240321;100734;1375;1;9914120107;B
20240321;100734;1375;2;9914120202;B
20240321;100735;1375;70;9914120250;B
20240321;100735;1375;8;9914120251;B
20240321;100735;1374.8;5;9914120325;S
20240321;100736;1375;1;9914120562;B
20240321;100736;1375;4;9914120586;B
20240321;100736;1375;1;9914120587;B
20240321;100737;1374.8;1;9914120659;S
20240321;100737;1374.8;3;9914120714;S
20240321;100739;1375;4;9914121026;B
20240321;100740;1374.8;3;9914121269;S
20240321;100742;1375;1;9914121733;B
20240321;100743;1374.8;2;9914121827;S
20240321;100744;1375;1;9914121991;B
20240321;100745;1375;2;9914122062;B
20240321;100745;1374.8;18;9914122065;S
20240321;100745;1374.8;18;9914122077;S
20240321;100746;1375;1;9914122329;B
20240321;100746;1375;4;9914122340;B
20240321;100748;1374.8;9;9914122525;S
20240321;100748;1374.8;12;9914122526;S
20240321;100748;1374.8;5;9914122527;S
20240321;100748;1374.8;2;9914122528;S
20240321;100748;1374.8;1;9914122529;S
20240321;100748;1374.8;1;9914122530;S
20240321;100748;1374.8;5;9914122531;S
20240321;100748;1374.8;12;9914122532;S
20240321;100748;1374.8;1;9914122533;S
20240321;100748;1374.8;1;9914122534;S
20240321;100748;1374.8;4;9914122535;S
20240321;100749;1375;20;9914122657;B
20240321;100749;1375;6;9914122666;B
20240321;100751;1374.6;1;9914122993;S
20240321;100751;1374.6;1;9914122994;S
20240321;100751;1374.6;1;9914122995;S
20240321;100751;1374.6;58;9914122996;S
20240321;100751;1374.6;1;9914122997;S
20240321;100751;1374.6;5;9914122998;S
20240321;100751;1374.6;3;9914122999;S
20240321;100751;1375;1;9914123077;B
20240321;100752;1374.8;2;9914123411;B
20240321;100753;1374.8;4;9914123509;B
20240321;100755;1374.8;30;9914123712;B
20240321;100755;1374.8;2;9914123780;B
20240321;100756;1374.8;60;9914123896;B
20240321;100756;1374.8;2;9914123979;B
20240321;100758;1375;1;9914124203;B
20240321;100758;1374.8;1;9914124240;S
20240321;100758;1374.8;4;9914124241;S
20240321;100759;1374.8;1;9914124282;S
20240321;100800;1375;1;9914124492;B
20240321;100801;1375;1;9914124582;B
20240321;100801;1375;5;9914124616;B
20240321;100801;1374.8;2;9914124643;S
20240321;100802;1375;46;9914124691;B
20240321;100802;1375;8;9914124791;B
20240321;100803;1375;10;9914124800;B
20240321;100804;1374.8;2;9914125144;S
20240321;100805;1375;2;9914125178;B
20240321;100805;1374.8;72;9914125221;S
20240321;100805;1374.8;8;9914125293;S
20240321;100806;1375;5;9914125389;B
20240321;100806;1375;2;9914125453;B
20240321;100807;1375;1;9914125659;B
20240321;100808;1374.8;1;9914125726;S
20240321;100808;1374.8;19;9914125727;S
20240321;100808;1374.8;30;9914125728;S
20240321;100808;1374.8;17;9914125729;S
20240321;100809;1374.6;1;9914125995;S
20240321;100809;1374.8;3;9914126030;B
20240321;100810;1374.8;50;9914126134;B
20240321;100810;1374.8;25;9914126135;B
20240321;100810;1374.8;25;9914126136;B
20240321;100810;1374.6;1;9914126228;S
20240321;100810;1374.6;79;9914126229;S
20240321;100811;1374.6;6;9914126323;S
20240321;100811;1374.6;126;9914126324;S
20240321;100811;1374.4;2;9914126325;S
20240321;100811;1374.4;34;9914126326;S
20240321;100811;1374.2;1;9914126327;S
20240321;100811;1374.2;1;9914126328;S
20240321;100811;1374.2;2;9914126329;S
20240321;100811;1374.2;58;9914126330;S
20240321;100811;1374.2;10;9914126331;S
20240321;100811;1374.2;25;9914126332;S
20240321;100811;1374;1;9914126333;S
20240321;100811;1374;90;9914126334;S
20240321;100811;1374;3;9914126335;S
20240321;100811;1374;200;9914126336;S
20240321;100811;1374;1;9914126337;S
20240321;100811;1374;2;9914126338;S
20240321;100811;1374;1;9914126339;S
20240321;100811;1374;12;9914126340;S
20240321;100811;1374;1;9914126341;S
20240321;100811;1374;58;9914126342;S
20240321;100811;1373.8;10;9914126343;S
20240321;100811;1373.8;1;9914126344;S
20240321;100811;1373.8;58;9914126345;S
20240321;100811;1373.6;10;9914126346;S
20240321;100811;1373.6;1;9914126347;S
20240321;100811;1373.6;100;9914126348;S
20240321;100811;1373.6;60;9914126349;S
20240321;100811;1373.4;3;9914126350;S
20240321;100811;1373.4;1;9914126351;S
20240321;100811;1373.4;145;9914126352;S
20240321;100811;1373.4;120;9914126353;S
20240321;100811;1373.2;2;9914126354;S
20240321;100811;1373.2;100;9914126355;S
20240321;100811;1373.2;1;9914126356;S
20240321;100811;1373.2;54;9914126357;S
20240321;100811;1373.4;2;9914126363;S
20240321;100812;1373.4;1;9914126433;S
20240321;100812;1374;4;9914126528;B
20240321;100812;1373.4;55;9914126535;S
20240321;100812;1373.4;45;9914126536;S
20240321;100815;1373.8;1;9914126971;B
20240321;100823;1373.8;10;9914128395;B
20240321;100823;1373.4;3;9914128415;S
20240321;100824;1373.8;1;9914128579;B
20240321;100825;1373.8;10;9914128812;B
20240321;100826;1373.8;3;9914128821;B
20240321;100826;1373.8;2;9914128822;B
20240321;100826;1373.8;3;9914128902;B
20240321;100829;1373.4;3;9914129272;S
20240321;100829;1373.4;2;9914129303;S
20240321;100831;1373.6;200;9914129592;B
20240321;100832;1373.4;35;9914129631;S
20240321;100832;1373.4;30;9914129638;S
20240321;100832;1373.4;1;9914129735;S
20240321;100834;1373.2;2;9914129953;S
20240321;100834;1373.2;4;9914130076;S
20240321;100834;1373.2;4;9914130077;S
20240321;100835;1373.4;1;9914130125;B
20240321;100836;1373.4;2;9914130382;B
20240321;100837;1373.2;33;9914130552;S
20240321;100837;1373.2;5;9914130553;S
20240321;100838;1373.2;40;9914130744;S
20240321;100839;1373.2;15;9914130828;S
20240321;100839;1373.2;10;9914130836;S
20240321;100839;1373.4;7;9914130849;B
20240321;100839;1373.2;12;9914130861;S
20240321;100839;1373;3;9914130862;S
20240321;100839;1373;5;9914130863;S
20240321;100839;1373;5;9914130864;S
20240321;100839;1373;2;9914130865;S
20240321;100839;1373;1;9914130866;S
20240321;100839;1373;58;9914130867;S
20240321;100839;1373;20;9914130868;S
20240321;100839;1373;60;9914130869;S
20240321;100839;1372.8;3;9914130870;S
20240321;100839;1372.8;1;9914130871;S
20240321;100839;1372.8;50;9914130872;S
20240321;100839;1372.8;58;9914130873;S
20240321;100839;1372.8;22;9914130874;S
20240321;100840;1373.2;1;9914131131;B
20240321;100841;1372.8;30;9914131165;S
20240321;100843;1372.8;11;9914131427;S
20240321;100843;1372.8;5;9914131457;S
20240321;100844;1372.8;39;9914131589;S
20240321;100844;1372.8;11;9914131605;S
20240321;100844;1372.6;20;9914131606;S
20240321;100844;1372.6;4;9914131607;S
20240321;100847;1372.6;16;9914131968;S
20240321;100847;1372.6;1;9914131969;S
20240321;100847;1372.6;30;9914131970;S
20240321;100847;1372.6;58;9914131971;S
20240321;100847;1372.6;32;9914131972;S
20240321;100847;1372.4;125;9914131973;S
20240321;100847;1372.4;55;9914131974;S
20240321;100847;1372.4;3;9914131975;S
20240321;100847;1372.4;15;9914131976;S
20240321;100847;1372.4;1;9914131977;S
20240321;100847;1372.4;1;9914131978;S
20240321;100847;1372.4;100;9914131979;S
20240321;100847;1372.4;12;9914131980;S
20240321;100847;1372.4;58;9914131981;S
20240321;100847;1372.2;1;9914131982;S
20240321;100847;1372.2;5;9914131983;S
20240321;100847;1372.2;1;9914131984;S
20240321;100847;1372.2;2;9914131985;S
20240321;100847;1372.2;3;9914131986;S
20240321;100847;1372.2;1;9914131987;S
20240321;100847;1372.2;144;9914131988;S
20240321;100847;1372.2;12;9914131989;S
20240321;100847;1372.2;58;9914131990;S
20240321;100847;1372.2;60;9914131991;S
20240321;100847;1372;5;9914131992;S
20240321;100847;1372;2;9914131993;S
20240321;100847;1372;1;9914131994;S
20240321;100847;1372;1;9914131995;S
20240321;100847;1372;1;9914131996;S
20240321;100847;1372;5;9914131997;S
20240321;100847;1372;1;9914131998;S
20240321;100847;1372;190;9914131999;S
20240321;100848;1372.2;16;9914132263;S
20240321;100849;1372.4;4;9914132384;B
20240321;100850;1372.4;43;9914132482;B
20240321;100850;1372.4;32;9914132483;B
20240321;100850;1372.4;12;9914132484;B
20240321;100850;1372.6;13;9914132485;B
20240321;100850;1372.6;1;9914132493;B
20240321;100851;1372.2;40;9914132662;S
20240321;100852;1372.6;5;9914132785;B
20240321;100852;1372.2;14;9914132805;S
20240321;100852;1372;58;9914132806;S
20240321;100852;1372.6;6;9914132809;B
20240321;100852;1372.6;4;9914132810;B
20240321;100854;1372;124;9914133071;S
20240321;100854;1372;50;9914133072;S
20240321;100854;1372;71;9914133073;S
20240321;100854;1371.8;1;9914133074;S
20240321;100854;1371.8;65;9914133075;S
20240321;100854;1372.4;7;9914133137;B
20240321;100855;1372.4;2;9914133186;B
20240321;100856;1372.4;1;9914133290;B
20240321;100857;1371.8;35;9914133495;S
20240321;100857;1371.8;1;9914133496;S
20240321;100857;1371.8;5;9914133497;S
20240321;100857;1371.8;17;9914133498;S
20240321;100857;1371.8;58;9914133499;S
20240321;100857;1371.8;2;9914133500;S
20240321;100857;1371.8;65;9914133501;S
20240321;100857;1371.6;36;9914133502;S
20240321;100857;1371.6;4;9914133503;S
20240321;100857;1371.6;100;9914133504;S
20240321;100857;1371.6;1;9914133505;S
20240321;100857;1371.6;5;9914133506;S
20240321;100857;1371.6;25;9914133507;S
20240321;100857;1371.6;1;9914133508;S
20240321;100857;1371.6;100;9914133509;S
20240321;100857;1371.6;1;9914133510;S
20240321;100857;1371.6;145;9914133511;S
20240321;100857;1371.6;58;9914133512;S
20240321;100857;1371.6;25;9914133513;S
20240321;100857;1371.6;24;9914133514;S
20240321;100857;1371.6;60;9914133515;S
20240321;100857;1371.6;32;9914133516;S
20240321;100857;1371.6;55;9914133517;S
20240321;100857;1371.4;1;9914133518;S
20240321;100857;1371.4;5;9914133519;S
20240321;100857;1371.4;5;9914133520;S
20240321;100857;1371.4;7;9914133521;S
20240321;100857;1371.4;58;9914133522;S
20240321;100857;1371.2;1;9914133523;S
20240321;100857;1371.2;5;9914133524;S
20240321;100857;1371.2;27;9914133525;S
20240321;100857;1371.2;2;9914133526;S
20240321;100857;1371.2;12;9914133527;S
20240321;100857;1371.2;17;9914133528;S
20240321;100857;1371;1;9914133529;S
20240321;100857;1371;4;9914133530;S
20240321;100859;1371.6;5;9914133794;B
20240321;100859;1371.6;15;9914133846;B
20240321;100859;1371.8;25;9914133847;B
20240321;100859;1371.8;12;9914133848;B
20240321;100859;1372;32;9914133849;B
20240321;100859;1372.2;136;9914133850;B
20240321;100901;1371.6;32;9914134241;S
20240321;100901;1371.4;201;9914134242;S
20240321;100901;1371.4;77;9914134309;S
20240321;100901;1371.4;25;9914134310;S
20240321;100902;1371.8;5;9914134383;S
20240321;100902;1371.4;30;9914134384;S
20240321;100902;1372;1;9914134505;B
20240321;100909;1372.2;38;9914135615;S
20240321;100909;1372.2;26;9914135616;S
20240321;100914;1372.4;220;9914136380;S
20240321;100915;1372.4;10;9914136944;S
20240321;100917;1372.4;19;9914137731;S
20240321;100917;1372.2;51;9914137732;S
20240321;100919;1372.6;5;9914138087;B
20240321;100920;1372.6;14;9914138308;B
20240321;100922;1372.6;10;9914138548;B
20240321;100922;1372.6;10;9914138566;B
20240321;100922;1372.6;3;9914138577;B
20240321;100922;1372.8;4;9914138590;B
20240321;100922;1372.6;1;9914138599;S
20240321;100925;1372.6;3;9914138937;B
20240321;100925;1372.6;3;9914138990;B
20240321;100926;1372.6;3;9914139078;B
20240321;100926;1372.6;3;9914139101;B
20240321;100926;1372.6;3;9914139142;B
20240321;100926;1372.2;7;9914139164;S
20240321;100926;1372.2;3;9914139165;S
20240321;100926;1372.2;1;9914139166;S
20240321;100927;1372.6;3;9914139178;B
20240321;100929;1372.6;5;9914139516;B
20240321;100931;1372.6;10;9914139836;B
20240321;100932;1372.2;10;9914139868;S
20240321;100932;1372.2;25;9914139869;S
20240321;100932;1372.2;5;9914139879;S
20240321;100932;1372.2;2;9914139880;S
20240321;100932;1372.2;14;9914139881;S
20240321;100933;1372.6;10;9914140231;B
20240321;100933;1372.6;10;9914140257;B
20240321;100933;1372.6;10;9914140290;B
20240321;100934;1372.6;10;9914140305;B
20240321;100934;1372.6;6;9914140325;B
20240321;100934;1372.6;2;9914140513;B
20240321;100937;1372.4;50;9914140808;B
20240321;100938;1372.2;1;9914140898;S
20240321;100938;1372.4;1;9914140965;B
20240321;100939;1372.4;1;9914141067;B
20240321;100944;1372.2;7;9914141682;S
20240321;100944;1372.4;1;9914141824;B
20240321;100945;1372.4;4;9914141895;B
20240321;100946;1372.2;1;9914142020;S
20240321;100946;1372.2;1;9914142021;S
20240321;100946;1372.4;370;9914142053;B
20240321;100947;1372.4;4;9914142233;B
20240321;100947;1372.4;2;9914142257;B
20240321;100947;1372.4;1;9914142262;B
20240321;100947;1372.4;50;9914142288;B
20240321;100950;1372.4;65;9914142660;B
20240321;100954;1372.2;31;9914143142;S
20240321;100954;1372.2;2;9914143143;S
20240321;100954;1372.2;30;9914143144;S
20240321;100954;1372.2;4;9914143145;S
20240321;100954;1372.2;3;9914143146;S
20240321;100954;1372.2;5;9914143147;S
20240321;100954;1372.2;2;9914143148;S
20240321;100954;1372.2;1;9914143153;B
20240321;100955;1372.2;1;9914143378;B
20240321;100957;1372.2;10;9914143472;B
20240321;100957;1372.2;11;9914143583;B
20240321;100957;1372.2;20;9914143584;B
20240321;100959;1372.4;1;9914143840;B
20240321;101000;1372.4;1;9914144002;B
20240321;101001;1372.2;19;9914144094;S
20240321;101001;1372.2;1;9914144095;S
20240321;101002;1372.4;1;9914144218;B
20240321;101002;1372;1;9914144223;S
20240321;101002;1372;34;9914144224;S
20240321;101002;1372;20;9914144257;S
20240321;101003;1372;10;9914144310;S
20240321;101003;1372;8;9914144328;S
20240321;101003;1372.2;10;9914144356;S
20240321;101003;1372.4;9;9914144383;B
20240321;101004;1372.4;1;9914144607;B
20240321;101007;1372.2;1;9914144855;S
20240321;101007;1372.4;2;9914144880;B
20240321;101008;1372.4;2;9914145006;B
20240321;101009;1372.4;1;9914145079;B
20240321;101009;1372.4;1;9914145144;B
20240321;101011;1372.2;1;9914145291;S
20240321;101011;1372.4;3;9914145302;B
20240321;101011;1372.4;59;9914145392;B
20240321;101011;1372.4;500;9914145393;B
20240321;101011;1372.4;25;9914145394;B
20240321;101011;1372.4;5;9914145395;B
20240321;101015;1372.6;10;9914145889;B
20240321;101015;1372.6;1;9914145954;B
20240321;101015;1372.6;7;9914146024;B
20240321;101016;1372.6;100;9914146163;B
20240321;101017;1372.4;11;9914146366;S
20240321;101018;1372.6;3;9914146649;B
20240321;101018;1372.6;1;9914146662;B
20240321;101021;1372.6;296;9914147067;B
20240321;101021;1372.6;1;9914147068;B
20240321;101021;1372.8;8;9914147069;B
20240321;101021;1373;4;9914147132;B
20240321;101022;1372.8;32;9914147179;S
20240321;101022;1372.8;2;9914147180;S
20240321;101022;1373;2;9914147209;B
20240321;101022;1373;1;9914147290;B
20240321;101022;1373;3;9914147291;B
20240321;101022;1373;365;9914147292;B
20240321;101023;1373.2;2;9914147447;B
20240321;101026;1373.4;50;9914148008;B
20240321;101026;1373.4;58;9914148009;B
20240321;101026;1373.4;12;9914148010;B
20240321;101027;1373.8;18;9914148172;B
20240321;101029;1373.4;23;9914148473;S
20240321;101031;1373.8;1;9914149018;B
20240321;101032;1373.4;25;9914149051;S
20240321;101032;1373.4;10;9914149052;S
20240321;101032;1373.4;25;9914149087;S
20240321;101032;1373.2;75;9914149088;S
20240321;101036;1373.6;20;9914149989;B
20240321;101038;1373.6;186;9914150221;B
20240321;101038;1373.8;85;9914150222;B
20240321;101038;1373.8;400;9914150223;B
20240321;101038;1373.8;58;9914150224;B
20240321;101038;1373.8;12;9914150225;B
20240321;101038;1373.8;25;9914150226;B
20240321;101038;1373.8;45;9914150227;B
20240321;101038;1374;2;9914150228;B
20240321;101038;1374;20;9914150229;B
20240321;101038;1374;26;9914150230;B
20240321;101038;1374;58;9914150231;B
20240321;101038;1374;31;9914150232;B
20240321;101042;1374.6;58;9914151156;B
20240321;101042;1374.6;3;9914151157;B
20240321;101042;1374.6;58;9914151158;S
20240321;101042;1374.8;6;9914151163;B
20240321;101043;1374.8;10;9914151254;B
20240321;101043;1374.4;25;9914151277;S
20240321;101043;1374.4;14;9914151278;S
20240321;101044;1374.8;15;9914151428;B
20240321;101044;1374.4;5;9914151482;S
20240321;101045;1374.4;1;9914151682;S
20240321;101047;1374.8;45;9914152143;B
20240321;101047;1374.8;1;9914152155;B
20240321;101048;1374.8;140;9914152341;B
20240321;101049;1374.8;1;9914152519;B
20240321;101050;1374.8;3;9914152596;B
20240321;101053;1374.6;1;9914153110;S
20240321;101053;1374.6;20;9914153111;S
20240321;101053;1374.8;146;9914153146;B
20240321;101054;1374.6;3;9914153322;S
20240321;101054;1374.6;10;9914153336;S
20240321;101055;1374.6;1;9914153576;S
20240321;101057;1374.8;150;9914153947;B
20240321;101058;1374.8;3;9914153980;B
20240321;101058;1374.8;20;9914154010;B
20240321;101100;1374.8;50;9914154302;B
20240321;101100;1374.8;4;9914154330;B
20240321;101101;1374.8;1;9914154502;B
20240321;101101;1374.8;1;9914154628;B
20240321;101102;1374.6;2;9914154652;S
20240321;101102;1374.6;36;9914154674;S
20240321;101103;1374.8;404;9914154772;B
20240321;101103;1375;267;9914154773;B
20240321;101104;1375;20;9914154963;B
20240321;101104;1375;1;9914154982;B
20240321;101107;1375;4;9914155444;B
20240321;101108;1375;2;9914155481;B
20240321;101110;1375;1;9914155754;B
20240321;101111;1375;10;9914155907;B
20240321;101114;1375;2;9914156426;B
20240321;101116;1374.8;12;9914156621;S
20240321;101116;1375;1;9914156706;B
20240321;101117;1375;10;9914156725;B
20240321;101117;1375;1;9914156727;B
20240321;101118;1375;1;9914156975;B
20240321;101119;1375;1;9914157031;B
20240321;101119;1375;20;9914157080;B
20240321;101123;1375;15;9914157544;B
20240321;101123;1374.8;5;9914157549;S
20240321;101124;1375;12;9914157622;B
20240321;101124;1375;1;9914157633;B
20240321;101125;1375;1;9914157744;B
20240321;101127;1374.8;1;9914157949;S
20240321;101127;1375;1;9914157983;B
20240321;101127;1375;1;9914157989;B
20240321;101129;1375;1;9914158155;B
20240321;101129;1374.8;10;9914158279;S
20240321;101130;1374.8;1;9914158351;S
20240321;101131;1374.8;3;9914158408;S
20240321;101132;1374.8;35;9914158590;S
20240321;101132;1375;1;9914158597;B
20240321;101132;1375;13;9914158670;B
20240321;101133;1375;13;9914158721;B
20240321;101133;1375;10;9914158722;B
20240321;101133;1375;577;9914158723;B
20240321;101135;1375;21;9914159050;B
20240321;101138;1375;3;9914159381;B
20240321;101141;1375;2;9914159904;B
20240321;101141;1375;3;9914160007;B
20240321;101141;1375;2;9914160008;B
20240321;101144;1375;1;9914160471;B
20240321;101144;1374.8;1;9914160480;S
20240321;101144;1374.8;2;9914160638;S
20240321;101145;1375;2;9914160764;B
20240321;101146;1375;2;9914160791;B
20240321;101146;1375;1;9914160792;B
20240321;101146;1375;20;9914160793;B
20240321;101146;1375;2;9914160794;B
20240321;101147;1374.8;10;9914161007;S
20240321;101147;1375;10;9914161019;B
20240321;101147;1375;1;9914161155;B
20240321;101148;1375;27;9914161227;B
20240321;101148;1375;107;9914161228;B
20240321;101148;1375;180;9914161229;B
20240321;101148;1375;10;9914161230;B
20240321;101148;1375.2;676;9914161231;B
20240321;101148;1375.2;824;9914161232;B
20240321;101148;1375.2;100;9914161233;B
20240321;101148;1375.4;4;9914161234;B
20240321;101148;1375.6;24;9914161306;B
20240321;101148;1375.8;58;9914161307;B
20240321;101148;1375.8;145;9914161308;B
20240321;101148;1375.8;40;9914161309;B
20240321;101148;1376;1;9914161310;B
20240321;101148;1376;1;9914161311;B
20240321;101148;1376;15;9914161312;B
20240321;101148;1376;1;9914161313;B
20240321;101148;1376;18;9914161314;B
20240321;101148;1376;47;9914161315;B
20240321;101149;1375.6;200;9914161387;S
20240321;101152;1375.2;5;9914161919;S
20240321;101152;1375.2;25;9914161920;S
20240321;101152;1375.2;36;9914161921;S
20240321;101152;1375;34;9914161922;S
20240321;101154;1375.6;1;9914162395;B
20240321;101156;1375.6;15;9914162668;B
20240321;101159;1375.6;1;9914162973;B
20240321;101159;1375.4;1;9914162995;S
20240321;101201;1375.6;1;9914163417;B
20240321;101201;1375.6;59;9914163529;B
20240321;101202;1375.4;35;9914163549;S
20240321;101202;1375.4;2;9914163566;S
20240321;101203;1375.6;2;9914163717;B
20240321;101203;1375.6;20;9914163741;B
20240321;101208;1375.6;1;9914164713;B
20240321;101208;1375.8;1;9914164714;B
20240321;101208;1375.6;36;9914164715;S
20240321;101208;1375.4;39;9914164795;S
20240321;101211;1375.4;1;9914165268;S
20240321;101211;1375.4;1;9914165328;S
20240321;101211;1375.6;3;9914165349;B
20240321;101211;1375.6;16;9914165400;B
20240321;101212;1375.6;10;9914165602;B
20240321;101213;1375.6;18;9914165723;B
20240321;101213;1375.6;18;9914165756;B
20240321;101213;1375.6;54;9914165774;B
20240321;101214;1375.6;1;9914165922;B
20240321;101215;1375.6;3;9914166065;B
20240321;101215;1375.6;1;9914166090;B
20240321;101216;1375.6;4;9914166202;B
20240321;101216;1375.6;1;9914166363;B
20240321;101218;1375.6;19;9914166535;B
20240321;101218;1375.6;16;9914166595;B
20240321;101218;1375.6;14;9914166596;B
20240321;101219;1375.6;1;9914166651;B
20240321;101220;1375.6;1;9914166864;B
20240321;101220;1375.4;1;9914166877;S
20240321;101222;1375.6;50;9914167088;B
20240321;101223;1375.4;7;9914167205;S
20240321;101224;1375.6;1;9914167398;B
20240321;101224;1375.6;1;9914167432;B
20240321;101225;1375.6;18;9914167497;B
20240321;101225;1375.6;18;9914167537;B
20240321;101225;1375.4;1;9914167639;S
20240321;101227;1375.6;1;9914167891;B
20240321;101228;1375.4;100;9914167961;S
20240321;101229;1375.6;2;9914168053;B
20240321;101229;1375.6;10;9914168101;B
20240321;101229;1375.6;1;9914168147;B
20240321;101230;1375.6;1;9914168247;B
20240321;101231;1375.6;5;9914168339;B
20240321;101232;1375.4;1;9914168371;S
20240321;101232;1375.4;25;9914168372;S
20240321;101232;1375.4;9;9914168373;S
20240321;101232;1375.6;5;9914168488;B
20240321;101232;1375.4;1;9914168513;S
20240321;101237;1375.6;10;9914169223;B
20240321;101237;1375.6;40;9914169269;B
20240321;101239;1375.6;2;9914169464;B
20240321;101239;1375.6;1;9914169551;B
20240321;101240;1375.6;178;9914169618;B
20240321;101240;1375.8;99;9914169619;B
20240321;101240;1375.8;4;9914169620;B
20240321;101240;1375.8;25;9914169621;B
20240321;101240;1375.8;50;9914169622;B
20240321;101240;1375.6;37;9914169623;S
20240321;101240;1375.6;25;9914169624;S
20240321;101240;1375.6;138;9914169625;S
20240321;101240;1375.6;82;9914169626;S
20240321;101240;1375.6;18;9914169627;S
20240321;101241;1375.6;7;9914169818;S
20240321;101241;1375.6;220;9914169819;S
20240321;101241;1375.6;2;9914169820;S
20240321;101241;1375.4;97;9914169821;S
20240321;101241;1375.4;400;9914169822;S
20240321;101241;1375.4;1;9914169823;S
20240321;101241;1375.4;150;9914169824;S
20240321;101241;1375.4;8;9914169825;S
20240321;101241;1375.4;5;9914169826;S
20240321;101241;1375.4;4;9914169827;S
20240321;101241;1375.4;1;9914169828;S
20240321;101241;1375.4;25;9914169829;S
20240321;101241;1375.4;5;9914169830;S
20240321;101241;1375.4;4;9914169831;S
20240321;101241;1375.4;12;9914169832;S
20240321;101241;1375.4;37;9914169833;S
20240321;101241;1375.4;22;9914169834;B
20240321;101241;1375.8;1;9914169883;B
20240321;101242;1375.8;1;9914169974;B
20240321;101243;1375.6;1;9914170091;S
20240321;101243;1375.6;25;9914170092;S
20240321;101243;1375.6;12;9914170093;S
20240321;101244;1375.8;10;9914170212;B
20240321;101244;1376;7;9914170213;B
20240321;101244;1375.8;14;9914170224;S
20240321;101245;1376;93;9914170360;B
20240321;101245;1376;10;9914170361;B
20240321;101245;1376;3;9914170362;B
20240321;101245;1376;14;9914170363;B
20240321;101245;1376;11;9914170364;S
20240321;101245;1376.2;1;9914170393;B
20240321;101245;1376.2;2;9914170394;B
20240321;101246;1376.2;3;9914170643;B
20240321;101246;1376.4;10;9914170644;B
20240321;101246;1376.4;6;9914170645;B
20240321;101248;1376.2;1;9914170874;S
20240321;101248;1376.6;1;9914170898;B
20240321;101248;1376.6;34;9914170899;B
20240321;101248;1376.6;157;9914170901;S
20240321;101248;1376.2;43;9914170902;S
20240321;101252;1376.2;19;9914171914;S
20240321;101252;1376.6;5;9914171917;B
20240321;101252;1376.6;20;9914171918;B
20240321;101252;1376.6;157;9914171919;B
20240321;101255;1376.6;1;9914172420;B
20240321;101255;1376.6;9;9914172455;B
20240321;101255;1376.8;4;9914172456;B
20240321;101255;1376.8;12;9914172457;B
20240321;101257;1376.4;4;9914172803;S
20240321;101258;1376.8;38;9914172825;B
20240321;101258;1376.8;1;9914172826;B
20240321;101258;1376.8;58;9914172827;B
20240321;101258;1376.8;74;9914172828;B
20240321;101258;1376.8;26;9914172861;B
20240321;101258;1376.8;58;9914172862;B
20240321;101258;1377;1;9914172863;B
20240321;101258;1377;5;9914172864;B
20240321;101258;1377;10;9914172865;B
20240321;101258;1376.6;6;9914172866;B
20240321;101258;1376.6;2;9914172867;B
20240321;101259;1376.4;102;9914172976;S
20240321;101259;1376.4;25;9914172977;S
20240321;101259;1376.4;31;9914172978;S
20240321;101259;1376.6;92;9914173009;B
20240321;101259;1376.6;32;9914173010;S
20240321;101259;1376.6;1;9914173060;B
20240321;101300;1376.4;2;9914173079;S
20240321;101301;1376.6;10;9914173305;B
20240321;101301;1376.6;5;9914173311;B
20240321;101302;1376.4;35;9914173465;S
20240321;101303;1376.4;1;9914173624;S
20240321;101304;1376.6;36;9914173811;B
20240321;101304;1376.6;116;9914173856;B
20240321;101304;1376.8;84;9914173857;B
20240321;101305;1376.8;32;9914173953;B
20240321;101305;1376.8;100;9914173954;B
20240321;101305;1376.8;1;9914173955;B
20240321;101305;1377;76;9914173956;B
20240321;101307;1377;5;9914174471;B
20240321;101307;1376.4;4;9914174495;S
20240321;101308;1377;109;9914174663;B
20240321;101308;1377;60;9914174664;B
20240321;101308;1377;1;9914174676;B
20240321;101312;1377;10;9914175463;B
20240321;101312;1377;106;9914175579;B
20240321;101312;1377;1;9914175580;B
20240321;101312;1377;10;9914175581;B
20240321;101312;1377;1;9914175582;B
20240321;101312;1377;5;9914175583;B
20240321;101312;1377;2;9914175584;B
20240321;101312;1377;10;9914175585;B
20240321;101312;1377;34;9914175586;B
20240321;101313;1377;10;9914175597;B
20240321;101314;1376.8;9;9914175687;S
20240321;101315;1377;62;9914175859;B
20240321;101316;1377;367;9914175932;B
20240321;101316;1377.2;8;9914175933;B
20240321;101316;1377.2;15;9914175934;B
20240321;101317;1377.2;182;9914176156;B
20240321;101321;1377.2;1;9914176757;B
20240321;101321;1377.2;4;9914176778;B
20240321;101322;1377.2;20;9914176961;B
20240321;101322;1377.2;113;9914177034;B
20240321;101323;1377.2;10;9914177135;B
20240321;101323;1377.2;100;9914177136;B
20240321;101323;1377.2;2;9914177232;B
20240321;101326;1377.2;1;9914177757;B
20240321;101326;1377;2;9914177792;S
20240321;101326;1377.2;64;9914177846;B
20240321;101328;1377.2;3;9914178116;B
20240321;101329;1377;3;9914178181;S
20240321;101329;1377;2;9914178182;S
20240321;101329;1377;5;9914178202;S
20240321;101330;1377;1;9914178571;S
20240321;101331;1377.2;2;9914178586;B
20240321;101332;1377;1;9914178765;S
20240321;101332;1377;35;9914178766;S
20240321;101333;1377.2;17;9914178977;B
20240321;101334;1377.2;10;9914179130;B
20240321;101336;1377.2;1;9914179474;B
20240321;101337;1377.2;20;9914179511;B
20240321;101337;1377;206;9914179539;S
20240321;101337;1377;25;9914179540;S
20240321;101337;1377;119;9914179541;S
20240321;101337;1377;4;9914179542;S
20240321;101337;1377;100;9914179543;S
20240321;101337;1377;220;9914179544;S
20240321;101337;1377;7;9914179545;S
20240321;101337;1377;38;9914179546;S
20240321;101337;1377;19;9914179547;S
20240321;101337;1377;10;9914179548;S
20240321;101337;1377;2;9914179560;B
20240321;101337;1377;10;9914179571;B
20240321;101338;1377;4;9914179670;B
20240321;101340;1377;4;9914180010;B
20240321;101346;1377;1;9914180724;B
20240321;101346;1377;31;9914180741;B
20240321;101346;1377;4;9914180742;B
20240321;101347;1377;25;9914180838;B
20240321;101347;1377;5;9914180865;B
20240321;101347;1377;1;9914180886;B
20240321;101348;1377;5;9914180991;B
20240321;101348;1377;5;9914181014;B
20240321;101351;1377;1;9914181283;B
20240321;101351;1377;17;9914181366;B
20240321;101351;1377;12;9914181377;B
20240321;101352;1377;1;9914181481;B
20240321;101353;1377;40;9914181631;B
20240321;101354;1377;15;9914181660;B
20240321;101354;1377;5;9914181661;B
20240321;101354;1377;10;9914181665;B
20240321;101356;1377;5;9914182072;B
20240321;101358;1376.8;3;9914182318;S
20240321;101358;1376.8;17;9914182319;S
20240321;101359;1376.8;10;9914182512;S
20240321;101359;1376.8;1;9914182513;S
20240321;101359;1376.8;3;9914182514;S
20240321;101359;1376.8;59;9914182515;S
20240321;101402;1376.8;2;9914182942;B
20240321;101402;1376.8;27;9914182944;B
20240321;101402;1376.6;2;9914182960;S
20240321;101402;1376.6;2;9914182971;S
20240321;101402;1376.6;30;9914182997;S
20240321;101402;1376.6;5;9914182998;S
20240321;101402;1376.6;1;9914183074;S
20240321;101402;1376.6;1;9914183084;S
20240321;101403;1376.8;2;9914183449;B
20240321;101404;1376.8;7;9914183743;B
20240321;101407;1376.8;100;9914184585;B
20240321;101410;1376.8;7;9914185071;B
20240321;101415;1376.6;1;9914185819;S
20240321;101416;1376.6;1;9914186134;S
20240321;101416;1376.8;1;9914186166;B
20240321;101416;1376.8;500;9914186167;B
20240321;101418;1376.8;1;9914186386;B
20240321;101419;1376.8;1;9914186491;B
20240321;101421;1376.8;9;9914186952;B
20240321;101421;1376.8;1;9914186953;B
20240321;101423;1376.8;5;9914187206;B
20240321;101424;1376.8;2;9914187267;B
20240321;101424;1376.8;1;9914187328;B
20240321;101428;1376.8;4;9914187894;B
20240321;101428;1376.8;1;9914187916;B
20240321;101429;1376.8;10;9914188151;B
20240321;101429;1376.8;1;9914188164;B
20240321;101430;1376.6;8;9914188298;S
20240321;101430;1376.8;1;9914188427;B
20240321;101432;1376.6;2;9914188764;S
20240321;101432;1376.6;5;9914188815;S
20240321;101432;1376.6;14;9914188816;S
20240321;101432;1376.6;16;9914188817;S
20240321;101432;1376.6;4;9914188930;S
20240321;101432;1376.6;8;9914188931;S
20240321;101432;1376.6;1;9914188932;S
20240321;101432;1376.6;16;9914188933;S
20240321;101432;1376.6;18;9914188934;S
20240321;101432;1376.6;41;9914188935;S
20240321;101434;1376.8;24;9914189225;B
20240321;101434;1376.8;1;9914189226;B
20240321;101434;1377;3;9914189227;B
20240321;101434;1377;4;9914189228;B
20240321;101434;1377;100;9914189319;B
20240321;101434;1377;3;9914189325;B
20240321;101436;1377;4;9914189655;B
20240321;101437;1376.8;1;9914189753;S
20240321;101443;1376.8;39;9914190864;S
20240321;101443;1377;1;9914190933;B
20240321;101444;1376.8;5;9914191016;S
20240321;101445;1376.8;18;9914191239;S
20240321;101447;1377;50;9914191395;B
20240321;101449;1376.8;1;9914191779;S
20240321;101450;1376.8;13;9914192006;S
20240321;101451;1377;1;9914192248;B
20240321;101451;1377;5;9914192264;B
20240321;101451;1376.8;1;9914192306;S
20240321;101452;1377;75;9914192409;B
20240321;101454;1377;2;9914192714;B
20240321;101454;1376.8;1;9914192801;S
20240321;101455;1377;100;9914192868;B
20240321;101457;1377;1;9914193311;B
20240321;101458;1377;3;9914193445;B
20240321;101458;1377;1;9914193518;B
20240321;101500;1376.8;1;9914194012;S
20240321;101501;1376.8;2;9914194172;S
20240321;101502;1377;1;9914194292;B
20240321;101502;1377;20;9914194321;B
20240321;101502;1376.8;35;9914194355;S
20240321;101502;1376.8;1;9914194423;S
20240321;101502;1377;2;9914194497;B
20240321;101503;1377;3;9914194527;B
20240321;101503;1377;3;9914194601;B
20240321;101503;1377;3;9914194665;B
20240321;101503;1377;3;9914194678;B
20240321;101504;1376.8;1;9914194700;S
20240321;101504;1377;3;9914194744;B
20240321;101505;1377;3;9914194944;B
20240321;101506;1377;3;9914195243;B
20240321;101507;1377;3;9914195309;B
20240321;101507;1376.8;3;9914195346;S
20240321;101507;1376.8;7;9914195347;S
20240321;101507;1377;3;9914195367;B
20240321;101508;1377;200;9914195547;B
20240321;101509;1377;1;9914195604;B
20240321;101509;1377;1;9914195621;B
20240321;101509;1377;2;9914195637;B
20240321;101510;1377;1;9914195722;B
20240321;101511;1377;1;9914195960;B
20240321;101511;1377;3;9914196038;B
20240321;101513;1377;1;9914196492;B
20240321;101513;1377;6;9914196550;B
20240321;101514;1377;1;9914196815;B
20240321;101515;1376.8;1;9914196926;S
20240321;101515;1377;5;9914196994;B
20240321;101515;1377;10;9914197036;B
20240321;101516;1377;27;9914197157;B
20240321;101516;1377;23;9914197287;B
20240321;101516;1377;38;9914197288;B
20240321;101517;1376.8;1;9914197361;S
20240321;101517;1377;2;9914197362;B
20240321;101517;1377;1;9914197426;B
20240321;101517;1377;4;9914197427;B
20240321;101517;1377;2;9914197577;B
20240321;101518;1377;50;9914197686;B
20240321;101519;1377;1;9914198003;B
20240321;101520;1377;1;9914198240;B
20240321;101520;1377;2;9914198256;B
20240321;101522;1377;2;9914198685;B
20240321;101523;1377;2;9914199013;B
20240321;101523;1377;1;9914199194;B
20240321;101524;1377;1;9914199407;B
20240321;101524;1377;4;9914199476;B
20240321;101525;1377;882;9914199852;B
20240321;101525;1377;3;9914199853;B
20240321;101525;1377;4;9914199854;B
20240321;101525;1377;10;9914199855;B
20240321;101525;1377;10;9914199856;B
20240321;101525;1377;200;9914199857;B
20240321;101525;1377;50;9914199858;B
20240321;101525;1377;2;9914199859;B
20240321;101525;1377;129;9914199860;B
20240321;101525;1377.2;130;9914199861;B
20240321;101525;1377.2;25;9914199863;B
20240321;101525;1377;1;9914199892;S
20240321;101525;1377.2;4;9914199896;B
20240321;101526;1377;1;9914199970;S
20240321;101527;1377;2;9914200208;S
20240321;101527;1377.2;1;9914200281;B
20240321;101528;1377;1;9914200394;S
20240321;101529;1377.2;1;9914200613;B
20240321;101529;1377.2;1;9914200629;B
20240321;101529;1377;1;9914200664;S
20240321;101529;1377.2;5;9914200751;B
20240321;101529;1377.2;1;9914200752;B
20240321;101530;1377;1;9914200937;S
20240321;101531;1377.2;267;9914201016;B
20240321;101531;1377.2;10;9914201017;B
20240321;101531;1377.2;1;9914201018;B
20240321;101531;1377.2;1;9914201019;B
20240321;101531;1377.2;100;9914201020;B
20240321;101531;1377.4;4;9914201021;B
20240321;101531;1377.4;1;9914201022;B
20240321;101531;1377.4;5;9914201023;B
20240321;101531;1377.4;276;9914201024;B
20240321;101531;1377.4;59;9914201026;B
20240321;101532;1377.2;25;9914201284;S
20240321;101532;1377.2;10;9914201285;S
20240321;101534;1377.2;5;9914201656;S
20240321;101534;1377.4;1;9914201741;B
20240321;101536;1377.4;9;9914202090;B
20240321;101536;1377.4;28;9914202091;B
20240321;101536;1377.4;2;9914202181;B
20240321;101536;1377.4;12;9914202182;B
20240321;101540;1377.4;1;9914202662;B
20240321;101540;1377.4;2;9914202710;B
20240321;101542;1377.2;1;9914203079;S
20240321;101546;1377.2;1;9914203780;S
20240321;101546;1377.2;20;9914203886;S
20240321;101547;1377.2;1;9914204018;S
20240321;101547;1377.4;1;9914204121;B
20240321;101547;1377.4;12;9914204147;B
20240321;101548;1377.2;6;9914204171;S
20240321;101548;1377.2;1;9914204214;S
20240321;101550;1377.2;1;9914204581;S
20240321;101551;1377.2;10;9914204770;S
20240321;101551;1377.4;3;9914204888;B
20240321;101552;1377.4;1;9914205093;B
20240321;101552;1377.2;5;9914205130;S
20240321;101554;1377.4;18;9914205560;B
20240321;101554;1377.2;1;9914205646;S
20240321;101554;1377.2;18;9914205648;S
20240321;101555;1377.4;1;9914205757;B
20240321;101555;1377.4;4;9914205790;B
20240321;101557;1377.4;28;9914206102;B
20240321;101557;1377.2;2;9914206185;S
20240321;101558;1377.4;1;9914206280;B
20240321;101558;1377.4;3;9914206413;B
20240321;101559;1377.4;30;9914206611;B
20240321;101559;1377.2;1;9914206658;S
20240321;101600;1377.4;20;9914206679;B
20240321;101600;1377.4;89;9914206687;B
20240321;101600;1377.4;11;9914206688;B
20240321;101600;1377.2;1;9914206786;S
20240321;101601;1377.2;50;9914207017;S
20240321;101602;1377.2;21;9914207321;S
20240321;101602;1377.2;14;9914207322;S
20240321;101603;1377.4;1;9914207624;B
20240321;101608;1377.2;5;9914208726;S
20240321;101610;1377.2;6;9914209231;S
20240321;101610;1377.2;62;9914209232;S
20240321;101610;1377.4;28;9914209243;B
20240321;101611;1377.4;10;9914209406;B
20240321;101611;1377.4;150;9914209407;B
20240321;101611;1377.4;10;9914209408;B
20240321;101611;1377.6;1;9914209409;B
20240321;101611;1377.8;1;9914209410;B
20240321;101611;1377.8;137;9914209411;B
20240321;101611;1377.8;100;9914209412;B
20240321;101611;1377.8;48;9914209413;B
20240321;101611;1378;100;9914209414;B
20240321;101611;1378;50;9914209415;B
20240321;101611;1378;10;9914209416;B
20240321;101611;1378;1;9914209417;B
20240321;101611;1378;586;9914209418;B
20240321;101611;1378;1;9914209419;B
20240321;101611;1378;10;9914209420;B
20240321;101611;1378;10;9914209421;B
20240321;101611;1378;20;9914209422;B
20240321;101611;1378;20;9914209423;B
20240321;101611;1378;60;9914209424;B
20240321;101611;1378.2;30;9914209425;B
20240321;101611;1378.2;1;9914209426;B
20240321;101611;1378.2;1;9914209427;B
20240321;101611;1378.2;1;9914209428;B
20240321;101611;1378.2;500;9914209429;B
20240321;101611;1378.2;1;9914209430;B
20240321;101611;1378.2;207;9914209431;B
20240321;101611;1378.2;25;9914209432;B
20240321;101611;1378.4;240;9914209433;B
20240321;101611;1378.4;40;9914209449;B
20240321;101611;1378.4;1;9914209477;B
20240321;101611;1378;2;9914209595;S
20240321;101612;1378.4;9;9914209736;B
20240321;101614;1378.4;2;9914210335;B
20240321;101615;1378.4;8;9914210461;B
20240321;101615;1378.4;2;9914210462;B
20240321;101615;1378.2;145;9914210594;S
20240321;101615;1378.2;2;9914210595;S
20240321;101615;1378;53;9914210596;S
20240321;101616;1378.4;1;9914210827;B
20240321;101616;1378.4;2;9914210940;B
20240321;101618;1378.4;5;9914211311;B
20240321;101619;1378.4;5;9914211548;B
20240321;101619;1378.4;10;9914211645;B
20240321;101619;1378.4;1;9914211646;B
20240321;101619;1378.4;25;9914211647;B
20240321;101619;1378.4;4;9914211654;B
20240321;101620;1378.4;1;9914211997;B
20240321;101622;1378.2;1;9914212383;S
20240321;101623;1378.2;9;9914212512;S
20240321;101623;1378.4;10;9914212690;B
20240321;101624;1378.4;1;9914212779;B
20240321;101624;1378.2;2;9914212781;S
20240321;101625;1378.4;37;9914213002;B
20240321;101625;1378.4;1;9914213003;B
20240321;101625;1378.4;20;9914213004;B
20240321;101625;1378.6;42;9914213005;B
20240321;101625;1378.6;1;9914213041;B
20240321;101625;1378.4;4;9914213085;S
20240321;101626;1378.6;2;9914213246;B
20240321;101626;1378.6;1;9914213336;B
20240321;101627;1378.6;8;9914213379;B
20240321;101627;1378.6;8;9914213424;B
20240321;101627;1378.4;75;9914213435;S
20240321;101628;1378.6;1;9914213504;B
20240321;101630;1378.6;37;9914213948;B
20240321;101630;1378.6;3;9914213949;B
20240321;101631;1378.6;1;9914213982;B
20240321;101631;1378.6;3;9914213983;B
20240321;101631;1378.6;1;9914213984;B
20240321;101631;1378.6;96;9914213985;B
20240321;101631;1378.6;4;9914214022;B
20240321;101631;1378.6;3;9914214023;B
20240321;101631;1378.6;1;9914214043;B
20240321;101631;1378.6;1;9914214061;B
20240321;101632;1378.6;2;9914214065;B
20240321;101632;1378.4;35;9914214125;S
20240321;101633;1378.4;10;9914214248;S
20240321;101633;1378.6;3;9914214257;B
20240321;101633;1378.6;1;9914214258;B
20240321;101633;1378.6;1;9914214259;B
20240321;101633;1378.6;35;9914214260;B
20240321;101633;1378.6;19;9914214261;B
20240321;101633;1378.6;91;9914214262;B
20240321;101633;1378.4;4;9914214264;S
20240321;101633;1378.6;10;9914214267;B
20240321;101633;1378.4;1;9914214277;S
20240321;101633;1378.4;2;9914214285;S
20240321;101634;1378.6;1;9914214370;B
20240321;101634;1378.6;5;9914214373;B
20240321;101634;1378.6;8;9914214374;B
20240321;101634;1378.6;2;9914214377;B
20240321;101634;1378.4;2;9914214405;S
20240321;101634;1378.4;10;9914214421;S
20240321;101634;1378.4;5;9914214437;S
20240321;101634;1378.4;8;9914214463;S
20240321;101634;1378.6;2;9914214464;B
20240321;101634;1378.6;1;9914214469;B
20240321;101634;1378.6;1;9914214471;B
