<DATE>;<TIME>;<LAST>;<VOL>;<ID>;<OPER>
20240125;095939;1450.000000000;25;9463800019;S
20240125;095939;1450.000000000;303;9463800020;S
20240125;095939;1450.000000000;1;9463800021;S
20240125;095939;1450.000000000;1;9463800022;S
20240125;095939;1450.000000000;8;9463800023;S
20240125;095939;1450.000000000;255;9463800024;S
20240125;095939;1450.000000000;7;9463800025;B
20240125;095939;1450.000000000;200;9463800026;S
20240125;095939;1450.000000000;1;9463800027;B
20240125;095939;1450.000000000;6;9463800028;B
20240125;095939;1450.000000000;1;9463800029;B
20240125;095939;1450.000000000;4;9463800030;B
20240125;095939;1450.000000000;20;9463800031;B
20240125;095939;1450.000000000;300;9463800032;S
20240125;095939;1450.000000000;1;9463800033;S
20240125;095939;1450.000000000;50;9463800034;S
20240125;095939;1450.000000000;2;9463800035;S
20240125;095939;1450.000000000;42;9463800036;S
20240125;095939;1450.000000000;2;9463800037;B
20240125;095939;1450.000000000;2;9463800038;S
20240125;095939;1450.000000000;3;9463800039;S
20240125;095939;1450.000000000;3;9463800040;S
20240125;095939;1450.000000000;30;9463800041;S
20240125;095939;1450.000000000;1;9463800042;B
20240125;095939;1450.000000000;1;9463800043;B
20240125;095939;1450.000000000;2;9463800044;B
20240125;095939;1450.000000000;1;9463800045;B
20240125;095939;1450.000000000;6;9463800046;B
20240125;095939;1450.000000000;50;9463800047;B
20240125;095939;1450.000000000;208;9463800048;B
20240125;095939;1450.000000000;1;9463800049;S
20240125;095939;1450.000000000;988;9463800050;S
20240125;095939;1450.000000000;4;9463800051;S
20240125;095939;1450.000000000;8;9463800052;S
20240125;095939;1450.000000000;1;9463800053;B
20240125;095939;1450.000000000;1;9463800054;B
20240125;095939;1450.000000000;8;9463800055;B
20240125;095939;1450.000000000;15;9463800056;B
20240125;095939;1450.000000000;10;9463800057;B
20240125;095939;1450.000000000;1;9463800058;B
20240125;095939;1450.000000000;1;9463800059;S
20240125;095939;1450.000000000;5;9463800060;S
20240125;095939;1450.000000000;8;9463800061;S
20240125;095939;1450.000000000;3;9463800062;S
20240125;095939;1450.000000000;2;9463800063;S
20240125;095939;1450.000000000;2;9463800064;S
20240125;095939;1450.000000000;1;9463800065;S
20240125;095939;1450.000000000;10;9463800066;S
20240125;095939;1450.000000000;53;9463800067;S
20240125;095939;1450.000000000;200;9463800068;S
20240125;095939;1450.000000000;1;9463800069;S
20240125;095939;1450.000000000;20;9463800070;S
20240125;095939;1450.000000000;50;9463800071;S
20240125;095939;1450.000000000;2;9463800072;S
20240125;095939;1450.000000000;1;9463800073;S
20240125;095939;1450.000000000;60;9463800074;S
20240125;095939;1450.000000000;1;9463800075;S
20240125;095939;1450.000000000;1;9463800076;S
20240125;095939;1450.000000000;700;9463800077;S
20240125;095939;1450.000000000;1;9463800078;S
20240125;095939;1450.000000000;1;9463800079;S
20240125;095939;1450.000000000;10;9463800080;S
20240125;095939;1450.000000000;18;9463800081;S
20240125;095939;1450.000000000;1;9463800082;B
20240125;095939;1450.000000000;1;9463800083;B
20240125;100000;1449.800000000;30;9463805396;B
20240125;100000;1449.800000000;25;9463805697;B
20240125;100000;1449.800000000;200;9463805698;B
20240125;100000;1450.000000000;204;9463805699;B
20240125;100000;1450.000000000;100;9463805700;B
20240125;100000;1450.000000000;2;9463805701;B
20240125;100000;1450.000000000;1;9463805702;B
20240125;100000;1450.000000000;1;9463805703;B
20240125;100000;1450.000000000;1;9463805704;B
20240125;100000;1450.000000000;2;9463805705;B
20240125;100000;1450.000000000;150;9463805706;B
20240125;100000;1450.000000000;14;9463805707;B
20240125;100000;1449.800000000;1;9463805803;B
20240125;100001;1449.800000000;3;9463805839;B
20240125;100001;1449.800000000;51;9463805869;B
20240125;100001;1450.000000000;6;9463805870;B
20240125;100001;1450.000000000;23;9463805954;B
20240125;100001;1449.800000000;60;9463805976;S
20240125;100001;1449.600000000;40;9463805977;S
20240125;100001;1450.000000000;5;9463806017;B
20240125;100001;1450.000000000;30;9463806064;B
20240125;100001;1449.800000000;23;9463806073;S
20240125;100001;1449.600000000;17;9463806074;S
20240125;100001;1449.600000000;5;9463806075;B
20240125;100001;1449.600000000;12;9463806077;B
20240125;100001;1449.600000000;10;9463806143;B
20240125;100001;1449.600000000;10;9463806388;B
20240125;100001;1449.400000000;1;9463806478;S
20240125;100001;1449.400000000;1;9463806501;S
20240125;100001;1449.400000000;98;9463806567;S
20240125;100001;1448.800000000;2;9463806568;S
20240125;100001;1449.600000000;59;9463806648;B
20240125;100001;1449.800000000;11;9463806649;B
20240125;100001;1449.800000000;15;9463806727;B
20240125;100001;1449.800000000;2;9463806729;B
20240125;100002;1449.400000000;80;9463806760;S
20240125;100002;1449.800000000;69;9463806783;B
20240125;100002;1449.800000000;10;9463806784;B
20240125;100002;1449.800000000;1;9463806785;B
20240125;100002;1449.800000000;5;9463806786;B
20240125;100002;1450.000000000;15;9463806787;B
20240125;100002;1449.400000000;1;9463806788;S
20240125;100002;1450.000000000;15;9463806811;B
20240125;100002;1450.000000000;75;9463806835;B
20240125;100002;1450.000000000;4;9463807025;B
20240125;100002;1450.000000000;13;9463807027;B
20240125;100002;1450.000000000;1;9463807028;B
20240125;100002;1450.000000000;1;9463807029;B
20240125;100002;1450.000000000;5;9463807030;B
20240125;100002;1450.000000000;1;9463807031;B
20240125;100002;1450.000000000;13;9463807032;B
20240125;100002;1450.000000000;50;9463807156;B
20240125;100002;1450.000000000;20;9463807299;B
20240125;100003;1449.400000000;5;9463807846;S
20240125;100004;1450.000000000;10;9463807993;B
20240125;100004;1450.000000000;8;9463808001;B
20240125;100004;1450.000000000;2276;9463808006;B
20240125;100004;1450.000000000;9;9463808010;B
20240125;100004;1450.000000000;2;9463808022;B
20240125;100004;1450.000000000;50;9463808025;B
20240125;100004;1450.000000000;1;9463808167;B
20240125;100005;1450.000000000;2;9463808676;B
20240125;100005;1449.800000000;1;9463808786;S
20240125;100005;1450.000000000;1;9463808793;B
20240125;100005;1449.800000000;1;9463809181;S
20240125;100005;1450.000000000;28;9463809183;B
20240125;100005;1449.800000000;17;9463809378;S
20240125;100005;1450.000000000;6;9463809490;B
20240125;100005;1449.800000000;1;9463809754;S
20240125;100005;1450.000000000;2;9463809756;B
20240125;100005;1450.000000000;1;9463809919;B
20240125;100006;1449.800000000;1;9463810304;S
20240125;100006;1449.800000000;1;9463810305;S
20240125;100006;1450.000000000;1;9463810306;B
20240125;100006;1449.800000000;3;9463810610;S
20240125;100006;1450.000000000;1;9463810943;B
20240125;100006;1450.000000000;1;9463810944;B
20240125;100006;1449.800000000;1;9463811028;S
20240125;100007;1450.000000000;18;9463811430;B
20240125;100007;1450.000000000;5;9463811431;B
20240125;100007;1450.000000000;1;9463811432;B
20240125;100007;1450.000000000;1;9463811433;B
20240125;100007;1450.000000000;25;9463811434;B
20240125;100007;1450.000000000;5;9463811517;B
20240125;100007;1450.000000000;10;9463811518;B
20240125;100007;1450.000000000;5;9463811519;B
20240125;100007;1450.000000000;84;9463811520;B
20240125;100007;1450.000000000;3;9463811831;B
20240125;100007;1450.000000000;50;9463811849;B
20240125;100008;1450.000000000;14;9463812063;B
20240125;100009;1449.800000000;34;9463812393;S
20240125;100009;1450.000000000;3;9463812607;B
20240125;100009;1450.000000000;4;9463812639;B
20240125;100010;1450.000000000;7;9463812684;B
20240125;100010;1449.800000000;1;9463812705;S
20240125;100010;1450.000000000;74;9463812770;B
20240125;100010;1450.000000000;20;9463812820;B
20240125;100010;1450.000000000;1;9463812824;B
20240125;100010;1450.000000000;18;9463812996;B
20240125;100010;1449.800000000;42;9463813096;S
20240125;100011;1450.000000000;8;9463813418;B
20240125;100011;1450.000000000;7;9463813442;B
20240125;100011;1450.000000000;1;9463813715;B
20240125;100011;1450.000000000;23;9463813723;B
20240125;100012;1450.000000000;15;9463813938;B
20240125;100012;1450.000000000;668;9463813976;B
20240125;100012;1450.000000000;3;9463813977;B
20240125;100012;1450.000000000;4;9463813978;B
20240125;100012;1450.000000000;6;9463813979;B
20240125;100012;1450.000000000;2;9463813980;B
20240125;100012;1450.000000000;1;9463813981;B
20240125;100012;1450.000000000;8;9463813982;B
20240125;100012;1450.000000000;20;9463813983;B
20240125;100012;1450.200000000;1;9463813985;B
20240125;100012;1450.200000000;1;9463813986;B
20240125;100012;1450.200000000;1;9463813987;B
20240125;100012;1450.800000000;14;9463813988;B
20240125;100012;1450.800000000;38;9463813990;B
20240125;100012;1450.800000000;2;9463813991;B
20240125;100012;1450.800000000;1;9463813992;B
20240125;100012;1451.000000000;1;9463813993;B
20240125;100012;1451.000000000;1;9463813994;B
20240125;100012;1451.000000000;47;9463813995;B
20240125;100012;1451.000000000;53;9463814007;B
20240125;100012;1450.400000000;1;9463814019;S
20240125;100012;1451.000000000;790;9463814024;B
20240125;100012;1451.000000000;1;9463814025;B
20240125;100012;1451.000000000;5;9463814026;B
20240125;100012;1451.000000000;1;9463814027;B
20240125;100012;1451.000000000;10;9463814028;B
20240125;100012;1451.000000000;13;9463814029;B
20240125;100012;1451.000000000;180;9463814030;B
20240125;100012;1451.000000000;10;9463814048;B
20240125;100012;1451.000000000;10;9463814049;B
20240125;100012;1451.000000000;5;9463814051;B
20240125;100012;1451.000000000;1;9463814052;B
20240125;100012;1451.000000000;1;9463814053;B
20240125;100012;1451.000000000;293;9463814054;B
20240125;100012;1451.000000000;1;9463814055;B
20240125;100012;1451.000000000;1;9463814056;B
20240125;100012;1451.000000000;3;9463814057;B
20240125;100012;1451.000000000;20;9463814058;B
20240125;100012;1451.000000000;1;9463814059;B
20240125;100012;1451.400000000;40;9463814060;B
20240125;100012;1451.600000000;55;9463814061;B
20240125;100012;1451.800000000;1;9463814062;B
20240125;100012;1451.800000000;55;9463814063;B
20240125;100012;1452.000000000;1;9463814064;B
20240125;100012;1452.000000000;2;9463814065;B
20240125;100012;1452.000000000;2;9463814066;B
20240125;100012;1452.000000000;10;9463814067;B
20240125;100012;1452.000000000;15;9463814068;B
20240125;100012;1452.000000000;35;9463814073;B
20240125;100012;1452.000000000;1;9463814074;B
20240125;100012;1452.000000000;33;9463814075;B
20240125;100012;1451.400000000;2;9463814079;S
20240125;100012;1451.600000000;1;9463814118;S
20240125;100012;1451.800000000;1;9463814146;S
20240125;100012;1452.000000000;1;9463814159;B
20240125;100012;1452.000000000;166;9463814160;B
20240125;100012;1452.000000000;10;9463814161;B
20240125;100012;1452.200000000;1;9463814162;B
20240125;100012;1452.200000000;16;9463814163;B
20240125;100012;1452.400000000;7;9463814164;B
20240125;100012;1452.400000000;4;9463814165;B
20240125;100013;1452.400000000;53;9463814206;B
20240125;100013;1452.400000000;100;9463814207;B
20240125;100013;1452.600000000;1000;9463814208;B
20240125;100013;1452.600000000;24;9463814209;B
20240125;100013;1452.800000000;55;9463814210;B
20240125;100013;1453.000000000;1;9463814211;B
20240125;100013;1453.000000000;3;9463814212;B
20240125;100013;1453.000000000;1;9463814213;B
20240125;100013;1453.000000000;3;9463814214;B
20240125;100013;1453.000000000;1;9463814215;B
20240125;100013;1453.000000000;55;9463814216;B
20240125;100013;1453.200000000;55;9463814217;B
20240125;100013;1453.600000000;10;9463814218;B
20240125;100013;1453.600000000;300;9463814219;B
20240125;100013;1453.800000000;10;9463814220;B
20240125;100013;1453.800000000;3;9463814221;B
20240125;100013;1453.800000000;1400;9463814222;B
20240125;100013;1453.800000000;137;9463814223;B
20240125;100013;1454.000000000;1;9463814224;B
20240125;100013;1454.000000000;25;9463814225;B
20240125;100013;1454.000000000;1;9463814226;B
20240125;100013;1454.000000000;2;9463814227;B
20240125;100013;1454.000000000;2;9463814228;B
20240125;100013;1454.000000000;8;9463814229;B
20240125;100013;1454.000000000;1;9463814230;B
20240125;100013;1454.400000000;5;9463814231;B
20240125;100013;1454.400000000;2;9463814232;B
20240125;100013;1454.400000000;700;9463814233;B
20240125;100013;1454.600000000;5;9463814234;B
20240125;100013;1454.800000000;5;9463814235;B
20240125;100013;1454.800000000;32;9463814236;B
20240125;100013;1452.000000000;2;9463814237;B
20240125;100013;1454.600000000;5;9463814239;B
20240125;100013;1454.800000000;68;9463814255;B
20240125;100013;1454.800000000;1;9463814256;B
20240125;100013;1454.800000000;31;9463814257;B
20240125;100013;1454.800000000;19;9463814258;B
20240125;100013;1454.800000000;3;9463814259;B
20240125;100013;1454.800000000;10;9463814260;B
20240125;100013;1455.000000000;1;9463814261;B
20240125;100013;1455.000000000;1;9463814262;B
20240125;100013;1455.000000000;66;9463814263;B
20240125;100013;1455.000000000;294;9463814265;B
20240125;100013;1455.000000000;1;9463814266;B
20240125;100013;1455.000000000;5;9463814267;B
20240125;100013;1455.000000000;3;9463814268;B
20240125;100013;1455.000000000;1;9463814269;B
20240125;100013;1455.000000000;1;9463814270;B
20240125;100013;1455.000000000;2;9463814271;B
20240125;100013;1455.000000000;30;9463814272;B
20240125;100013;1455.000000000;5;9463814273;B
20240125;100013;1455.000000000;1;9463814274;B
20240125;100013;1455.000000000;1;9463814275;B
20240125;100013;1455.000000000;20;9463814276;B
20240125;100013;1455.000000000;8;9463814277;B
20240125;100013;1455.000000000;28;9463814278;B
20240125;100013;1455.200000000;5;9463814314;B
20240125;100013;1455.600000000;4;9463814315;B
20240125;100013;1455.800000000;13;9463814316;B
20240125;100013;1454.400000000;25;9463814322;S
20240125;100013;1455.800000000;70;9463814330;B
20240125;100013;1455.800000000;10;9463814331;B
20240125;100013;1454.600000000;4;9463814332;S
20240125;100013;1455.800000000;14;9463814334;B
20240125;100013;1455.800000000;1;9463814335;B
20240125;100013;1455.800000000;10;9463814336;B
20240125;100013;1455.000000000;137;9463814337;S
20240125;100013;1455.000000000;35;9463814338;B
20240125;100013;1455.000000000;28;9463814339;B
20240125;100013;1455.800000000;41;9463814340;B
20240125;100013;1455.800000000;1;9463814341;B
20240125;100013;1456.000000000;1;9463814342;B
20240125;100013;1456.000000000;26;9463814343;B
20240125;100013;1456.000000000;2;9463814345;B
20240125;100013;1455.200000000;32;9463814348;S
20240125;100013;1455.600000000;15;9463814350;B
20240125;100013;1455.200000000;1;9463814351;S
20240125;100013;1455.600000000;89;9463814352;B
20240125;100013;1455.800000000;61;9463814353;B
20240125;100013;1455.200000000;54;9463814354;S
20240125;100013;1456.000000000;123;9463814355;B
20240125;100013;1456.000000000;2;9463814356;B
20240125;100013;1456.000000000;10;9463814357;B
20240125;100013;1456.000000000;10;9463814358;B
20240125;100013;1456.000000000;5;9463814359;B
20240125;100013;1455.200000000;5;9463814373;S
20240125;100013;1456.000000000;1;9463814382;B
20240125;100013;1456.000000000;25;9463814383;B
20240125;100013;1456.000000000;146;9463814384;B
20240125;100013;1455.200000000;2;9463814401;S
20240125;100013;1455.200000000;1;9463814402;S
20240125;100013;1456.000000000;32;9463814405;B
20240125;100013;1455.200000000;2;9463814419;S
20240125;100013;1455.200000000;2;9463814421;S
20240125;100013;1455.200000000;4;9463814423;S
20240125;100013;1456.000000000;7;9463814438;B
20240125;100013;1455.200000000;5;9463814439;S
20240125;100013;1455.400000000;1;9463814440;B
20240125;100013;1455.200000000;1;9463814447;S
20240125;100013;1455.200000000;28;9463814450;S
20240125;100013;1455.000000000;1;9463814451;S
20240125;100013;1455.000000000;1;9463814452;S
20240125;100013;1455.000000000;61;9463814453;S
20240125;100013;1454.800000000;55;9463814454;S
20240125;100013;1454.600000000;194;9463814455;S
20240125;100013;1454.600000000;55;9463814456;S
20240125;100013;1454.600000000;16;9463814457;S
20240125;100013;1454.400000000;55;9463814458;S
20240125;100013;1454.400000000;700;9463814459;S
20240125;100013;1453.600000000;209;9463814460;S
20240125;100013;1453.400000000;2;9463814461;S
20240125;100013;1453.400000000;1100;9463814462;S
20240125;100013;1453.200000000;2523;9463814463;S
20240125;100013;1453.400000000;20;9463814465;S
20240125;100013;1455.600000000;55;9463814466;B
20240125;100013;1455.800000000;194;9463814467;B
20240125;100013;1455.800000000;55;9463814468;B
20240125;100013;1456.000000000;5;9463814469;B
20240125;100013;1456.000000000;1;9463814470;B
20240125;100013;1456.000000000;1;9463814471;B
20240125;100013;1456.000000000;20;9463814472;B
20240125;100013;1456.000000000;10;9463814473;B
20240125;100013;1456.000000000;5;9463814474;B
20240125;100013;1456.000000000;6;9463814475;B
20240125;100013;1456.000000000;3;9463814476;B
20240125;100013;1456.000000000;5;9463814477;B
20240125;100013;1454.600000000;10;9463814485;S
20240125;100013;1454.400000000;6;9463814506;S
20240125;100013;1455.800000000;3;9463814507;B
20240125;100013;1454.200000000;20;9463814514;S
20240125;100013;1454.200000000;6;9463814515;S
20240125;100013;1454.000000000;7;9463814520;S
20240125;100013;1454.000000000;6;9463814522;S
20240125;100013;1455.000000000;9;9463814532;B
20240125;100013;1454.000000000;42;9463814533;S
20240125;100013;1454.000000000;29;9463814534;S
20240125;100014;1454.000000000;1;9463814567;S
20240125;100014;1454.000000000;2;9463814569;S
20240125;100014;1454.800000000;2;9463814588;B
20240125;100014;1455.000000000;1;9463814589;B
20240125;100014;1455.600000000;55;9463814590;B
20240125;100014;1455.800000000;11;9463814591;B
20240125;100014;1455.800000000;5;9463814592;B
20240125;100014;1454.400000000;3;9463814594;S
20240125;100014;1455.000000000;10;9463814605;S
20240125;100014;1455.000000000;10;9463814609;S
20240125;100014;1454.800000000;14;9463814610;S
20240125;100014;1455.800000000;10;9463814611;B
20240125;100014;1455.000000000;30;9463814621;S
20240125;100014;1455.000000000;1;9463814626;S
20240125;100014;1455.000000000;10;9463814629;S
20240125;100014;1455.000000000;53;9463814636;S
20240125;100014;1455.000000000;10;9463814644;S
20240125;100014;1455.800000000;1;9463814667;B
20240125;100014;1456.000000000;9;9463814668;B
20240125;100014;1455.000000000;4;9463814672;S
20240125;100014;1455.000000000;1;9463814681;S
20240125;100014;1455.400000000;30;9463814683;B
20240125;100014;1455.800000000;104;9463814684;B
20240125;100014;1456.000000000;2;9463814685;B
20240125;100014;1456.000000000;1;9463814686;B
20240125;100014;1456.000000000;2;9463814687;B
20240125;100014;1456.000000000;55;9463814688;B
20240125;100014;1456.000000000;2;9463814689;B
20240125;100014;1456.200000000;50;9463814690;B
20240125;100014;1456.200000000;55;9463814691;B
20240125;100014;1456.200000000;16;9463814692;B
20240125;100014;1456.400000000;20;9463814693;B
20240125;100014;1456.400000000;55;9463814694;B
20240125;100014;1456.400000000;278;9463814695;B
20240125;100014;1456.600000000;330;9463814696;B
20240125;100014;1455.000000000;6;9463814703;S
20240125;100014;1456.400000000;5;9463814705;B
20240125;100014;1456.400000000;1;9463814707;B
20240125;100014;1455.600000000;2;9463814718;S
20240125;100014;1455.600000000;1;9463814719;S
20240125;100014;1456.600000000;1;9463814731;B
20240125;100014;1455.600000000;100;9463814750;S
20240125;100014;1455.400000000;2;9463814753;S
20240125;100014;1456.000000000;1;9463814765;B
20240125;100014;1455.400000000;10;9463814774;S
20240125;100014;1455.400000000;1;9463814814;S
20240125;100014;1456.000000000;1;9463814820;B
20240125;100014;1455.400000000;1;9463814821;S
20240125;100014;1455.400000000;1;9463814822;S
20240125;100014;1456.000000000;8;9463814847;B
20240125;100014;1456.000000000;14;9463814848;B
20240125;100014;1456.600000000;9;9463814849;B
20240125;100014;1456.800000000;1;9463814850;B
20240125;100014;1456.800000000;1;9463814851;B
20240125;100014;1456.800000000;1;9463814852;B
20240125;100014;1456.800000000;4;9463814853;B
20240125;100014;1456.800000000;2;9463814854;B
20240125;100014;1455.400000000;2;9463814855;S
20240125;100014;1456.800000000;2;9463814856;B
20240125;100014;1456.800000000;96;9463814858;B
20240125;100014;1456.800000000;104;9463814859;B
20240125;100014;1456.800000000;72;9463814860;B
20240125;100014;1457.000000000;1;9463814861;B
20240125;100014;1457.000000000;10;9463814862;B
20240125;100014;1457.000000000;1;9463814863;B
20240125;100014;1457.000000000;2;9463814864;B
20240125;100014;1457.000000000;66;9463814865;B
20240125;100014;1457.000000000;1;9463814866;B
20240125;100014;1457.000000000;1;9463814867;B
20240125;100014;1457.000000000;1;9463814868;B
20240125;100014;1457.000000000;1;9463814869;B
20240125;100014;1457.000000000;46;9463814870;B
20240125;100014;1457.000000000;100;9463814871;B
20240125;100014;1457.000000000;1;9463814872;B
20240125;100014;1457.000000000;1;9463814873;B
20240125;100014;1457.000000000;1;9463814874;B
20240125;100014;1457.000000000;2;9463814875;B
20240125;100014;1457.000000000;1;9463814876;B
20240125;100014;1457.000000000;2;9463814877;B
20240125;100014;1457.000000000;3;9463814878;B
20240125;100014;1457.000000000;11;9463814879;B
20240125;100014;1457.000000000;1;9463814880;B
20240125;100014;1457.000000000;1;9463814881;B
20240125;100014;1457.000000000;2;9463814882;B
20240125;100014;1457.000000000;1;9463814883;B
20240125;100014;1457.000000000;40;9463814884;B
20240125;100014;1457.000000000;18;9463814885;B
20240125;100014;1457.000000000;4;9463814886;B
20240125;100014;1457.000000000;5;9463814887;B
20240125;100014;1457.000000000;1;9463814888;B
20240125;100014;1457.000000000;1;9463814889;B
20240125;100014;1457.000000000;2;9463814890;B
20240125;100014;1455.400000000;1;9463814947;S
20240125;100015;1455.800000000;1;9463814971;S
20240125;100015;1455.800000000;37;9463814974;S
20240125;100015;1456.800000000;38;9463814978;B
20240125;100015;1457.000000000;18;9463814979;B
20240125;100015;1457.000000000;50;9463814980;B
20240125;100015;1457.000000000;20;9463814981;B
20240125;100015;1457.000000000;1;9463814982;B
20240125;100015;1457.000000000;1;9463814983;B
20240125;100015;1457.000000000;22;9463814984;B
20240125;100015;1455.800000000;1;9463814986;S
20240125;100015;1456.000000000;25;9463814996;S
20240125;100015;1456.000000000;1;9463814999;S
20240125;100015;1457.000000000;10;9463815010;B
20240125;100015;1456.200000000;50;9463815073;S
20240125;100015;1456.000000000;194;9463815074;S
20240125;100015;1455.800000000;55;9463815075;S
20240125;100015;1455.800000000;137;9463815076;S
20240125;100015;1455.600000000;55;9463815077;S
20240125;100015;1455.400000000;37;9463815078;S
20240125;100015;1455.200000000;1;9463815079;S
20240125;100015;1455.000000000;16;9463815080;S
20240125;100015;1454.800000000;278;9463815081;S
20240125;100015;1454.800000000;104;9463815082;S
20240125;100015;1454.800000000;73;9463815083;S
20240125;100015;1454.600000000;1;9463815086;S
20240125;100015;1456.400000000;20;9463815090;B
20240125;100015;1455.000000000;10;9463815108;B
20240125;100015;1456.000000000;10;9463815109;B
20240125;100015;1456.200000000;20;9463815110;B
20240125;100015;1454.800000000;12;9463815117;S
20240125;100015;1456.200000000;34;9463815118;B
20240125;100015;1456.200000000;1;9463815119;B
20240125;100015;1456.200000000;24;9463815120;B
20240125;100015;1455.000000000;1;9463815167;S
20240125;100015;1455.600000000;1;9463815199;B
20240125;100015;1456.200000000;9;9463815200;B
20240125;100015;1456.200000000;2;9463815202;B
20240125;100015;1456.200000000;1;9463815228;B
20240125;100015;1455.000000000;8;9463815239;S
20240125;100015;1455.000000000;1;9463815241;S
20240125;100015;1456.200000000;30;9463815243;B
20240125;100015;1456.200000000;10;9463815245;B
20240125;100015;1456.400000000;20;9463815246;B
20240125;100015;1456.400000000;35;9463815247;B
20240125;100015;1456.400000000;33;9463815248;B
20240125;100015;1456.400000000;53;9463815249;B
20240125;100015;1456.600000000;55;9463815250;B
20240125;100015;1456.600000000;62;9463815251;B
20240125;100015;1455.600000000;1;9463815262;S
20240125;100015;1456.600000000;38;9463815282;B
20240125;100015;1456.800000000;16;9463815283;B
20240125;100015;1457.000000000;2;9463815284;B
20240125;100015;1457.200000000;44;9463815285;B
20240125;100015;1457.200000000;10;9463815303;B
20240125;100016;1455.600000000;54;9463815351;S
20240125;100016;1455.400000000;194;9463815352;S
20240125;100016;1455.400000000;55;9463815353;S
20240125;100016;1455.400000000;44;9463815354;S
20240125;100016;1455.400000000;137;9463815355;S
20240125;100016;1455.200000000;16;9463815356;S
20240125;100016;1456.800000000;1;9463815387;B
20240125;100016;1456.800000000;42;9463815403;B
20240125;100016;1456.800000000;1;9463815451;B
20240125;100016;1456.800000000;150;9463815458;B
20240125;100016;1456.800000000;1;9463815459;B
20240125;100016;1457.000000000;49;9463815460;B
20240125;100016;1457.200000000;8;9463815462;B
20240125;100016;1456.000000000;2;9463815474;S
20240125;100016;1457.200000000;47;9463815478;B
20240125;100016;1457.200000000;104;9463815479;B
20240125;100016;1457.200000000;2;9463815480;B
20240125;100016;1457.400000000;333;9463815481;B
20240125;100016;1457.400000000;14;9463815482;B
20240125;100016;1456.200000000;8;9463815484;S
20240125;100016;1457.400000000;10;9463815486;B
20240125;100016;1457.600000000;40;9463815487;B
20240125;100016;1457.600000000;50;9463815488;B
20240125;100016;1457.800000000;5;9463815516;B
20240125;100016;1456.400000000;1;9463815517;S
20240125;100016;1457.600000000;104;9463815528;B
20240125;100016;1457.800000000;50;9463815529;B
20240125;100016;1457.800000000;137;9463815530;B
20240125;100016;1457.800000000;24;9463815531;B
20240125;100016;1457.800000000;1;9463815532;B
20240125;100016;1458.000000000;1;9463815533;B
20240125;100016;1458.000000000;5;9463815534;B
20240125;100016;1458.000000000;2;9463815535;B
20240125;100016;1458.000000000;5;9463815536;B
20240125;100016;1458.000000000;20;9463815537;B
20240125;100016;1458.000000000;1;9463815538;B
20240125;100016;1458.000000000;1;9463815539;B
20240125;100016;1458.000000000;55;9463815540;B
20240125;100016;1458.200000000;1;9463815541;B
20240125;100016;1458.200000000;4;9463815542;B
20240125;100016;1458.200000000;12;9463815543;B
20240125;100016;1458.200000000;77;9463815544;B
20240125;100016;1458.000000000;104;9463815546;B
20240125;100016;1458.000000000;46;9463815547;B
20240125;100016;1458.200000000;7;9463815587;B
20240125;100016;1457.000000000;21;9463815591;S
20240125;100016;1457.000000000;4;9463815601;S
20240125;100017;1457.000000000;2;9463815648;S
20240125;100017;1457.200000000;37;9463815654;S
20240125;100017;1457.200000000;1;9463815666;S
20240125;100017;1457.200000000;18;9463815670;S
20240125;100017;1458.000000000;32;9463815741;B
20240125;100017;1458.200000000;10;9463815742;B
20240125;100017;1456.800000000;1;9463815745;S
20240125;100017;1456.800000000;1;9463815751;S
20240125;100017;1458.200000000;1;9463815753;B
20240125;100017;1456.800000000;1;9463815754;S
20240125;100017;1458.200000000;1;9463815767;B
20240125;100017;1456.800000000;52;9463815779;S
20240125;100017;1456.600000000;18;9463815780;S
20240125;100017;1458.000000000;11;9463815781;B
20240125;100017;1458.200000000;92;9463815782;B
20240125;100017;1458.200000000;268;9463815783;B
20240125;100017;1458.400000000;40;9463815784;B
20240125;100017;1458.400000000;1;9463815785;B
20240125;100017;1458.400000000;245;9463815786;B
20240125;100017;1458.400000000;5;9463815787;B
20240125;100017;1458.400000000;48;9463815788;B
20240125;100017;1458.600000000;1;9463815789;B
20240125;100017;1458.600000000;55;9463815790;B
20240125;100017;1458.600000000;137;9463815791;B
20240125;100017;1458.800000000;1;9463815792;B
20240125;100017;1458.800000000;2;9463815793;B
20240125;100017;1458.800000000;10;9463815794;B
20240125;100017;1458.800000000;14;9463815795;B
20240125;100017;1458.800000000;25;9463815796;B
20240125;100017;1458.800000000;1;9463815797;B
20240125;100017;1458.800000000;55;9463815798;B
20240125;100017;1458.800000000;600;9463815799;B
20240125;100017;1459.000000000;1;9463815800;B
20240125;100017;1459.000000000;61;9463815801;B
20240125;100017;1459.000000000;100;9463815802;B
20240125;100017;1459.000000000;4;9463815803;B
20240125;100017;1459.000000000;1;9463815804;B
20240125;100017;1459.000000000;351;9463815805;B
20240125;100017;1459.000000000;55;9463815806;B
20240125;100017;1459.200000000;1;9463815807;B
20240125;100017;1459.600000000;1;9463815808;B
20240125;100017;1459.600000000;70;9463815809;B
20240125;100017;1459.800000000;1;9463815810;B
20240125;100017;1459.800000000;50;9463815811;B
20240125;100017;1459.800000000;1;9463815812;B
20240125;100017;1459.800000000;2;9463815813;B
20240125;100017;1459.800000000;10;9463815814;B
20240125;100017;1459.800000000;23;9463815815;B
20240125;100017;1459.800000000;7;9463815816;B
20240125;100017;1459.800000000;10;9463815817;B
20240125;100017;1459.800000000;13;9463815818;B
20240125;100017;1459.800000000;1000;9463815819;B
20240125;100017;1459.800000000;20;9463815820;B
20240125;100017;1459.800000000;1;9463815821;B
20240125;100017;1459.800000000;106;9463815822;B
20240125;100017;1459.400000000;50;9463815823;B
20240125;100017;1459.600000000;18;9463815830;B
20240125;100017;1459.600000000;52;9463815831;B
20240125;100017;1458.800000000;8;9463815833;B
20240125;100017;1459.600000000;52;9463815834;B
20240125;100017;1459.800000000;10;9463815835;B
20240125;100017;1458.400000000;55;9463815846;S
20240125;100017;1458.200000000;14;9463815847;S
20240125;100017;1458.400000000;55;9463815864;S
20240125;100017;1458.200000000;55;9463815865;S
20240125;100017;1458.000000000;55;9463815866;S
20240125;100017;1458.000000000;35;9463815867;S
20240125;100017;1457.200000000;1;9463815889;S
20240125;100017;1458.000000000;2;9463815933;B
20240125;100017;1458.000000000;2;9463815934;B
20240125;100017;1458.000000000;3;9463815935;B
20240125;100017;1459.200000000;76;9463815936;B
20240125;100017;1458.000000000;2;9463815947;B
20240125;100017;1459.000000000;24;9463815948;B
20240125;100017;1459.200000000;55;9463815949;B
20240125;100017;1459.400000000;14;9463815950;B
20240125;100017;1459.400000000;55;9463815951;B
20240125;100017;1459.400000000;50;9463815952;B
20240125;100017;1459.600000000;55;9463815953;B
20240125;100017;1459.600000000;104;9463815954;B
20240125;100017;1459.800000000;141;9463815955;B
20240125;100017;1458.400000000;1;9463815956;S
20240125;100017;1459.000000000;229;9463815969;B
20240125;100017;1458.400000000;54;9463815971;S
20240125;100018;1458.400000000;46;9463815978;B
20240125;100018;1458.800000000;10;9463815980;S
20240125;100018;1459.000000000;3;9463815982;B
20240125;100018;1459.000000000;100;9463816013;B
20240125;100018;1458.800000000;1;9463816038;S
20240125;100018;1458.800000000;1;9463816056;S
20240125;100018;1458.800000000;20;9463816065;S
20240125;100018;1458.800000000;1;9463816066;S
20240125;100018;1458.800000000;5;9463816067;S
20240125;100018;1458.800000000;3;9463816068;S
20240125;100018;1458.800000000;63;9463816069;S
20240125;100018;1458.400000000;104;9463816070;S
20240125;100018;1458.200000000;55;9463816071;S
20240125;100018;1458.200000000;77;9463816072;S
20240125;100018;1459.000000000;44;9463816077;B
20240125;100018;1459.000000000;41;9463816093;B
20240125;100018;1459.000000000;2;9463816097;B
20240125;100018;1459.000000000;2;9463816126;B
20240125;100018;1458.200000000;28;9463816129;S
20240125;100018;1458.200000000;1;9463816130;S
20240125;100018;1458.200000000;1;9463816131;S
20240125;100018;1458.200000000;1;9463816133;S
20240125;100018;1458.200000000;55;9463816149;S
20240125;100018;1458.200000000;90;9463816150;S
20240125;100018;1457.400000000;1;9463816164;S
20240125;100018;1457.400000000;1;9463816170;S
20240125;100018;1458.800000000;1;9463816190;B
20240125;100018;1457.600000000;194;9463816194;S
20240125;100018;1457.400000000;55;9463816195;S
20240125;100018;1457.400000000;91;9463816196;S
20240125;100018;1457.400000000;8;9463816209;S
20240125;100019;1457.600000000;5;9463816326;S
20240125;100019;1457.400000000;4;9463816471;S
20240125;100020;1458.600000000;40;9463816694;B
20240125;100020;1458.800000000;40;9463816695;B
20240125;100020;1457.400000000;20;9463816738;S
20240125;100020;1458.800000000;60;9463816763;B
20240125;100020;1457.400000000;163;9463816765;S
20240125;100020;1457.200000000;37;9463816766;S
20240125;100022;1458.400000000;25;9463817251;B
20240125;100022;1458.600000000;75;9463817252;B
20240125;100022;1458.000000000;1;9463817334;S
20240125;100022;1458.000000000;5;9463817429;S
20240125;100022;1458.400000000;1;9463817433;B
20240125;100023;1458.000000000;4;9463817469;S
20240125;100024;1457.800000000;51;9463817675;B
20240125;100024;1457.200000000;15;9463817820;S
20240125;100025;1457.200000000;3;9463818097;S
20240125;100026;1457.200000000;1;9463818156;S
20240125;100027;1457.600000000;1;9463818335;B
20240125;100027;1457.800000000;53;9463818336;B
20240125;100027;1457.800000000;1;9463818337;B
20240125;100027;1457.800000000;100;9463818338;B
20240125;100027;1458.000000000;316;9463818339;B
20240125;100027;1458.000000000;25;9463818340;B
20240125;100027;1458.400000000;1;9463818341;B
20240125;100027;1458.400000000;194;9463818342;B
20240125;100027;1458.600000000;55;9463818343;B
20240125;100027;1458.800000000;100;9463818344;B
20240125;100027;1458.800000000;55;9463818345;B
20240125;100027;1458.800000000;99;9463818346;B
20240125;100027;1457.800000000;3;9463818359;S
20240125;100027;1457.800000000;1;9463818393;S
20240125;100027;1457.800000000;6;9463818399;S
20240125;100028;1457.800000000;38;9463818522;S
20240125;100029;1458.600000000;2;9463818727;B
20240125;100029;1458.000000000;1;9463818761;S
20240125;100029;1457.800000000;7;9463818762;S
20240125;100029;1457.800000000;16;9463818763;S
20240125;100029;1457.600000000;16;9463818764;S
20240125;100029;1458.600000000;23;9463818786;B
20240125;100029;1458.600000000;9;9463818787;B
20240125;100029;1458.800000000;18;9463818788;B
20240125;100030;1457.800000000;1;9463818900;S
20240125;100030;1458.600000000;1;9463818913;B
20240125;100030;1457.800000000;50;9463818921;S
20240125;100030;1457.800000000;1;9463818927;S
20240125;100031;1457.800000000;3;9463818980;S
20240125;100031;1457.800000000;8;9463819052;S
20240125;100032;1458.600000000;2;9463819283;B
20240125;100033;1458.600000000;10;9463819479;B
20240125;100034;1457.800000000;1;9463819485;S
20240125;100034;1457.800000000;25;9463819648;S
20240125;100036;1457.800000000;2;9463819895;S
20240125;100036;1458.600000000;12;9463820071;B
20240125;100036;1458.600000000;9;9463820072;B
20240125;100036;1458.800000000;19;9463820073;B
20240125;100037;1458.600000000;25;9463820099;B
20240125;100037;1458.800000000;45;9463820100;B
20240125;100037;1457.800000000;19;9463820111;S
20240125;100037;1457.600000000;1;9463820112;S
20240125;100037;1457.800000000;1;9463820146;S
20240125;100038;1457.800000000;1;9463820259;S
20240125;100039;1458.800000000;25;9463820629;B
20240125;100039;1458.800000000;104;9463820630;B
20240125;100039;1458.800000000;17;9463820631;B
20240125;100039;1459.000000000;401;9463820632;B
20240125;100040;1458.800000000;1;9463820737;B
20240125;100040;1457.800000000;9;9463820752;S
20240125;100041;1457.800000000;1;9463821038;S
20240125;100042;1457.800000000;2;9463821321;S
20240125;100042;1458.800000000;1;9463821340;B
20240125;100042;1458.800000000;3;9463821350;B
20240125;100042;1457.800000000;3;9463821520;S
20240125;100042;1457.800000000;38;9463821526;S
20240125;100042;1457.600000000;25;9463821527;S
20240125;100042;1457.600000000;55;9463821528;S
20240125;100042;1457.400000000;55;9463821529;S
20240125;100042;1457.400000000;137;9463821530;S
20240125;100042;1457.400000000;10;9463821531;S
20240125;100042;1457.200000000;21;9463821532;S
20240125;100043;1458.600000000;1;9463821577;B
20240125;100043;1458.800000000;99;9463821578;B
20240125;100043;1458.800000000;24;9463821579;B
20240125;100043;1457.600000000;8;9463821677;S
20240125;100043;1457.600000000;5;9463821701;S
20240125;100045;1457.600000000;30;9463822161;B
20240125;100046;1457.600000000;3;9463822294;B
20240125;100046;1457.600000000;30;9463822341;B
20240125;100046;1457.600000000;1;9463822344;B
20240125;100046;1457.600000000;24;9463822407;B
20240125;100046;1457.600000000;6;9463822408;B
20240125;100046;1457.600000000;73;9463822446;B
20240125;100046;1457.800000000;7;9463822447;B
20240125;100046;1457.400000000;22;9463822451;S
20240125;100047;1457.600000000;8;9463822654;B
20240125;100048;1457.400000000;22;9463822691;S
20240125;100048;1457.200000000;4;9463822692;S
20240125;100049;1457.200000000;19;9463823004;S
20240125;100049;1457.200000000;11;9463823011;S
20240125;100049;1457.000000000;1;9463823012;S
20240125;100049;1457.000000000;38;9463823013;S
20240125;100050;1456.800000000;128;9463823196;S
20240125;100050;1456.800000000;4;9463823197;S
20240125;100050;1457.200000000;1;9463823229;B
20240125;100050;1456.800000000;25;9463823276;S
20240125;100051;1456.600000000;13;9463823330;S
20240125;100052;1456.400000000;7;9463823635;S
20240125;100053;1456.400000000;1;9463823666;S
20240125;100054;1456.400000000;1;9463823965;S
20240125;100056;1456.400000000;2;9463824263;S
20240125;100056;1456.400000000;9;9463824409;S
20240125;100057;1456.600000000;1;9463824638;B
20240125;100058;1456.400000000;1;9463824691;S
20240125;100058;1456.400000000;20;9463824729;S
20240125;100059;1456.400000000;5;9463824809;S
20240125;100059;1456.400000000;1;9463824810;S
20240125;100059;1456.600000000;1;9463824843;B
20240125;100100;1456.400000000;2;9463825065;S
20240125;100100;1456.400000000;4;9463825073;S
20240125;100100;1456.400000000;10;9463825122;S
20240125;100101;1456.600000000;25;9463825365;B
20240125;100101;1456.400000000;1;9463825449;S
20240125;100102;1456.600000000;30;9463825730;B
20240125;100103;1456.400000000;28;9463825880;S
20240125;100103;1456.400000000;1;9463825946;S
20240125;100103;1456.400000000;500;9463825956;S
20240125;100103;1456.400000000;5;9463825961;S
20240125;100104;1456.400000000;50;9463826016;S
20240125;100104;1456.400000000;300;9463826161;S
20240125;100105;1456.400000000;12;9463826193;S
20240125;100105;1456.400000000;2;9463826344;S
20240125;100105;1456.400000000;100;9463826346;S
20240125;100106;1456.400000000;2;9463826409;S
20240125;100107;1456.600000000;9;9463826600;B
20240125;100107;1456.600000000;11;9463826601;B
20240125;100107;1456.600000000;2;9463826637;B
20240125;100109;1456.400000000;77;9463826967;S
20240125;100109;1456.400000000;1;9463826968;S
20240125;100109;1456.200000000;1;9463826969;S
20240125;100109;1456.000000000;100;9463827046;S
20240125;100112;1455.600000000;20;9463827617;S
20240125;100112;1456.000000000;25;9463827651;B
20240125;100112;1456.000000000;10;9463827652;B
20240125;100112;1456.000000000;15;9463827681;B
20240125;100114;1456.000000000;1;9463828122;B
20240125;100116;1455.600000000;50;9463828453;S
20240125;100117;1455.600000000;30;9463828577;S
20240125;100117;1455.600000000;1;9463828591;B
20240125;100119;1455.600000000;7;9463829410;B
20240125;100120;1455.000000000;2;9463829562;S
20240125;100120;1455.000000000;33;9463829564;S
20240125;100120;1455.000000000;1;9463829621;S
20240125;100120;1455.000000000;2;9463829889;S
20240125;100122;1455.600000000;3;9463830417;B
20240125;100122;1455.600000000;1;9463830418;B
20240125;100122;1455.000000000;224;9463830453;S
20240125;100126;1454.200000000;5;9463834287;S
20240125;100126;1454.200000000;11;9463834865;S
20240125;100126;1454.200000000;89;9463834866;S
20240125;100127;1454.200000000;28;9463835418;S
20240125;100127;1454.000000000;22;9463835419;S
20240125;100127;1454.000000000;2;9463835501;S
20240125;100127;1454.000000000;26;9463836328;S
20240125;100127;1454.000000000;1;9463836329;S
20240125;100127;1454.000000000;48;9463836330;S
20240125;100127;1453.800000000;19;9463836331;S
20240125;100128;1453.800000000;35;9463836656;S
20240125;100128;1453.800000000;45;9463836856;S
20240125;100128;1453.800000000;13;9463836857;S
20240125;100128;1453.800000000;2;9463836858;S
20240125;100128;1453.800000000;25;9463836859;S
20240125;100128;1453.600000000;7521;9463836860;S
20240125;100128;1453.600000000;50;9463836869;S
20240125;100128;1453.600000000;35;9463836870;S
20240125;100128;1453.600000000;25;9463836871;S
20240125;100129;1454.600000000;10;9463837101;B
20240125;100129;1453.600000000;20;9463837230;S
20240125;100129;1453.600000000;5;9463837231;S
20240125;100129;1453.200000000;95;9463837232;S
20240125;100129;1453.400000000;50;9463837293;S
20240125;100130;1453.200000000;23;9463837651;S
20240125;100131;1454.000000000;100;9463837758;B
20240125;100132;1454.000000000;1;9463838013;B
20240125;100132;1453.200000000;1;9463838014;S
20240125;100133;1454.000000000;20;9463838212;B
20240125;100133;1453.400000000;1;9463838265;S
20240125;100134;1453.200000000;20;9463838603;S
20240125;100135;1453.000000000;1;9463838763;S
20240125;100136;1453.200000000;4;9463839006;S
20240125;100137;1453.400000000;2;9463839260;S
20240125;100138;1453.400000000;6;9463839381;S
20240125;100139;1453.400000000;4;9463839438;S
20240125;100139;1453.400000000;3;9463839568;S
20240125;100140;1453.400000000;19;9463839627;S
20240125;100140;1453.200000000;5;9463839689;B
20240125;100140;1453.000000000;2;9463839739;S
20240125;100140;1453.000000000;5;9463839740;S
20240125;100140;1452.800000000;23;9463839741;S
20240125;100141;1452.800000000;3;9463839878;S
20240125;100141;1453.200000000;100;9463839897;B
20240125;100142;1452.800000000;2;9463840054;S
20240125;100142;1452.800000000;2;9463840102;S
20240125;100142;1452.800000000;2;9463840136;S
20240125;100145;1453.000000000;1;9463840705;B
20240125;100145;1452.800000000;1;9463840722;S
20240125;100145;1453.000000000;2;9463840844;B
20240125;100147;1453.000000000;2;9463841114;B
20240125;100147;1453.200000000;26;9463841115;B
20240125;100149;1452.800000000;8;9463841476;S
20240125;100149;1453.000000000;137;9463841484;B
20240125;100149;1453.200000000;63;9463841485;B
20240125;100149;1452.600000000;7;9463841552;S
20240125;100149;1452.200000000;12;9463841553;S
20240125;100149;1452.200000000;11;9463841554;S
20240125;100149;1453.000000000;10;9463841625;B
20240125;100149;1452.200000000;4;9463841681;S
20240125;100149;1453.000000000;10;9463841727;B
20240125;100150;1452.600000000;70;9463841767;S
20240125;100150;1453.000000000;5;9463841820;B
20240125;100150;1452.800000000;25;9463841919;B
20240125;100151;1452.800000000;1;9463842125;B
20240125;100151;1452.200000000;6;9463842245;S
20240125;100151;1452.200000000;594;9463842246;S
20240125;100152;1452.200000000;1;9463842324;S
20240125;100154;1452.600000000;4;9463842872;B
20240125;100154;1452.600000000;137;9463842873;B
20240125;100154;1452.800000000;59;9463842874;B
20240125;100155;1452.400000000;2;9463843607;S
20240125;100156;1452.800000000;137;9463843727;B
20240125;100156;1452.800000000;63;9463843728;B
20240125;100157;1452.600000000;2;9463844023;S
20240125;100157;1452.600000000;30;9463844073;S
20240125;100157;1452.800000000;110;9463844129;B
20240125;100157;1452.800000000;25;9463844130;B
20240125;100157;1453.000000000;7;9463844133;B
20240125;100157;1453.000000000;7;9463844147;B
20240125;100159;1452.800000000;3;9463844873;S
20240125;100159;1452.800000000;448;9463844874;S
20240125;100159;1452.600000000;51;9463844875;S
20240125;100159;1452.400000000;25;9463844876;S
20240125;100159;1452.200000000;2;9463844877;S
20240125;100159;1452.000000000;40;9463844878;S
20240125;100159;1452.000000000;100;9463844879;S
20240125;100159;1452.000000000;30;9463844880;S
20240125;100159;1452.000000000;55;9463844881;S
20240125;100159;1451.800000000;46;9463844882;S
20240125;100200;1452.800000000;10;9463845160;B
20240125;100201;1452.200000000;100;9463845404;S
20240125;100202;1453.000000000;12;9463845464;B
20240125;100202;1453.000000000;19;9463845604;B
20240125;100203;1453.000000000;3;9463846052;B
20240125;100204;1452.600000000;1;9463846100;S
20240125;100205;1453.000000000;1;9463846680;B
20240125;100206;1452.800000000;2;9463846954;S
20240125;100206;1453.000000000;200;9463847224;B
20240125;100207;1453.000000000;15;9463847510;B
20240125;100208;1452.800000000;32;9463847872;S
20240125;100208;1452.800000000;49;9463847873;S
20240125;100210;1452.800000000;1;9463848337;B
20240125;100210;1452.800000000;4;9463848369;B
20240125;100210;1453.000000000;6;9463848370;B
20240125;100211;1452.400000000;1;9463848482;S
20240125;100211;1452.400000000;1;9463848483;S
20240125;100214;1452.600000000;1;9463849021;S
20240125;100214;1452.600000000;4;9463849022;S
20240125;100214;1452.600000000;15;9463849023;S
20240125;100218;1452.800000000;1;9463850529;B
20240125;100218;1452.800000000;15;9463850746;B
20240125;100219;1452.600000000;1;9463850895;S
20240125;100219;1452.600000000;1;9463850896;S
20240125;100219;1452.800000000;19;9463851005;B
20240125;100219;1452.800000000;19;9463851088;B
20240125;100219;1452.800000000;16;9463851203;B
20240125;100219;1452.800000000;1;9463851204;B
20240125;100219;1453.000000000;183;9463851205;B
20240125;100220;1453.000000000;4;9463851564;B
20240125;100220;1453.000000000;15;9463851601;B
20240125;100220;1453.000000000;38;9463851630;B
20240125;100220;1453.000000000;1;9463851661;B
20240125;100220;1453.000000000;16;9463851662;B
20240125;100220;1453.000000000;2;9463851663;B
20240125;100220;1453.000000000;19;9463851664;B
20240125;100220;1453.200000000;95;9463851704;B
20240125;100221;1453.200000000;33;9463851818;B
20240125;100223;1452.800000000;1;9463852414;S
20240125;100225;1453.000000000;74;9463852855;S
20240125;100226;1453.000000000;16;9463852870;S
20240125;100226;1453.200000000;20;9463852929;B
20240125;100226;1453.200000000;1;9463852946;B
20240125;100226;1453.200000000;3;9463852993;B
20240125;100226;1453.200000000;22;9463853013;B
20240125;100227;1453.200000000;34;9463853092;B
20240125;100227;1453.200000000;10;9463853100;B
20240125;100227;1453.200000000;3;9463853172;B
20240125;100228;1453.000000000;1;9463853291;S
20240125;100229;1453.200000000;1;9463853573;B
20240125;100230;1453.200000000;1;9463853890;B
20240125;100230;1453.000000000;1;9463853918;S
20240125;100231;1453.200000000;5;9463853934;B
20240125;100231;1453.000000000;1;9463854096;S
20240125;100232;1453.000000000;195;9463854205;S
20240125;100232;1453.000000000;1;9463854206;S
20240125;100232;1452.800000000;5;9463854207;S
20240125;100232;1452.800000000;5;9463854208;S
20240125;100232;1452.600000000;11;9463854209;S
20240125;100232;1452.400000000;25;9463854210;S
20240125;100232;1452.400000000;70;9463854211;S
20240125;100232;1452.400000000;25;9463854212;S
20240125;100232;1452.400000000;18;9463854213;S
20240125;100232;1452.200000000;220;9463854214;S
20240125;100232;1452.200000000;55;9463854215;S
20240125;100232;1452.000000000;1;9463854216;S
20240125;100232;1452.000000000;55;9463854217;S
20240125;100232;1451.800000000;14;9463854218;S
20240125;100232;1451.800000000;171;9463854219;S
20240125;100232;1451.800000000;55;9463854220;S
20240125;100232;1451.800000000;104;9463854221;S
20240125;100233;1451.800000000;1;9463854589;B
20240125;100233;1451.800000000;4;9463854609;B
20240125;100233;1451.600000000;15;9463854632;S
20240125;100233;1451.600000000;5;9463854633;S
20240125;100234;1451.600000000;150;9463854759;S
20240125;100236;1451.800000000;3;9463855202;B
20240125;100237;1451.800000000;5;9463855754;B
20240125;100238;1451.800000000;2;9463855907;B
20240125;100238;1451.800000000;2;9463855918;B
20240125;100239;1451.800000000;50;9463856102;B
20240125;100239;1451.800000000;500;9463856150;B
20240125;100239;1451.600000000;50;9463856265;S
20240125;100240;1451.600000000;2;9463856313;S
20240125;100241;1451.800000000;3;9463856713;B
20240125;100241;1451.800000000;1;9463856717;B
20240125;100242;1451.800000000;2;9463856759;B
20240125;100242;1451.800000000;1;9463856793;B
20240125;100244;1451.600000000;124;9463857722;S
20240125;100244;1451.800000000;41;9463857725;B
20240125;100246;1451.800000000;20;9463858193;B
20240125;100248;1451.800000000;2;9463858425;B
20240125;100249;1451.600000000;16;9463858762;S
20240125;100249;1451.800000000;5;9463858770;B
20240125;100249;1451.800000000;8;9463858771;B
20240125;100250;1451.800000000;7;9463858907;B
20240125;100251;1451.800000000;3719;9463858951;B
20240125;100251;1451.800000000;1;9463858952;B
20240125;100251;1451.800000000;3;9463858983;B
20240125;100251;1451.800000000;2;9463859040;B
20240125;100251;1451.800000000;2;9463859057;B
20240125;100251;1451.800000000;22;9463859084;B
20240125;100251;1451.800000000;22;9463859100;B
20240125;100251;1451.800000000;79;9463859162;B
20240125;100251;1451.800000000;1;9463859163;B
20240125;100253;1451.800000000;1;9463859401;B
20240125;100253;1451.600000000;100;9463859461;S
20240125;100253;1451.800000000;10;9463859478;B
20240125;100255;1451.600000000;1;9463859860;S
20240125;100256;1451.600000000;1;9463859928;S
20240125;100256;1451.600000000;1;9463860046;S
20240125;100257;1451.600000000;1;9463860426;S
20240125;100257;1451.600000000;1;9463860515;S
20240125;100258;1451.800000000;10;9463860605;B
20240125;100258;1451.800000000;1;9463860636;B
20240125;100259;1451.600000000;4;9463860837;S
20240125;100259;1451.600000000;50;9463860913;S
20240125;100300;1451.600000000;1;9463861113;S
20240125;100300;1451.600000000;1;9463861189;S
20240125;100301;1451.800000000;42;9463861232;B
20240125;100301;1451.800000000;1;9463861233;B
20240125;100301;1451.800000000;63;9463861234;B
20240125;100301;1451.600000000;1;9463861244;S
20240125;100301;1451.800000000;1;9463861262;B
20240125;100301;1451.800000000;3;9463861313;B
20240125;100301;1451.600000000;1;9463861320;S
20240125;100302;1451.600000000;1;9463861431;S
20240125;100302;1451.800000000;3;9463861520;B
20240125;100303;1451.600000000;1;9463861536;S
20240125;100303;1451.800000000;1;9463861622;B
20240125;100303;1451.600000000;1;9463861654;S
20240125;100303;1451.600000000;4;9463861690;S
20240125;100304;1451.600000000;1;9463861773;S
20240125;100305;1451.800000000;4;9463861999;B
20240125;100305;1451.600000000;1;9463862035;S
20240125;100305;1451.800000000;2;9463862116;B
20240125;100305;1451.600000000;1;9463862142;S
20240125;100306;1451.800000000;27;9463862231;B
20240125;100306;1451.800000000;173;9463862232;B
20240125;100306;1451.600000000;1;9463862333;S
20240125;100307;1451.600000000;1;9463862431;S
20240125;100308;1451.800000000;80;9463862535;B
20240125;100308;1451.600000000;1;9463862616;S
20240125;100308;1451.800000000;2;9463862788;B
20240125;100309;1451.600000000;1;9463862850;S
20240125;100309;1451.600000000;526;9463862885;S
20240125;100309;1451.600000000;10;9463862886;S
20240125;100309;1451.600000000;223;9463862887;S
20240125;100309;1451.600000000;5;9463862888;S
20240125;100309;1451.600000000;2;9463862889;S
20240125;100309;1451.600000000;1;9463863186;S
20240125;100310;1451.600000000;1;9463863282;S
20240125;100310;1451.600000000;1;9463863416;S
20240125;100310;1451.800000000;1;9463863505;B
20240125;100310;1451.600000000;1;9463863517;S
20240125;100311;1451.600000000;1;9463863623;S
20240125;100311;1451.800000000;74;9463863732;B
20240125;100311;1451.800000000;1;9463863733;B
20240125;100311;1451.800000000;1;9463863734;B
20240125;100311;1451.800000000;899;9463863735;B
20240125;100311;1451.800000000;25;9463863736;B
20240125;100311;1451.600000000;1;9463863745;S
20240125;100312;1451.600000000;1;9463863862;S
20240125;100312;1451.600000000;11;9463863923;S
20240125;100312;1451.600000000;4;9463863924;S
20240125;100312;1451.800000000;60;9463863938;B
20240125;100312;1451.600000000;99;9463863948;S
20240125;100312;1451.600000000;1;9463863950;S
20240125;100313;1451.600000000;1;9463864048;S
20240125;100314;1451.600000000;1;9463864181;S
20240125;100314;1451.600000000;4;9463864225;S
20240125;100314;1451.800000000;49;9463864318;B
20240125;100315;1451.800000000;3;9463864499;B
20240125;100315;1451.600000000;150;9463864594;S
20240125;100315;1451.400000000;20;9463864595;S
20240125;100315;1451.400000000;2;9463864596;S
20240125;100315;1451.200000000;20;9463864597;S
20240125;100315;1451.000000000;50;9463864598;S
20240125;100315;1451.000000000;1;9463864599;S
20240125;100315;1451.000000000;8;9463864600;S
20240125;100315;1451.000000000;2;9463864601;S
20240125;100315;1451.000000000;100;9463864602;S
20240125;100315;1451.000000000;70;9463864603;S
20240125;100315;1451.000000000;25;9463864604;S
20240125;100317;1450.800000000;2;9463864811;S
20240125;100318;1450.800000000;28;9463865208;S
20240125;100318;1450.600000000;122;9463865209;S
20240125;100320;1451.000000000;2;9463865459;B
20240125;100320;1451.000000000;3;9463865534;B
20240125;100320;1450.600000000;50;9463865544;S
20240125;100321;1451.000000000;3;9463865699;B
20240125;100322;1451.000000000;5;9463865809;B
20240125;100322;1450.600000000;128;9463865862;S
20240125;100324;1450.200000000;1;9463866129;S
20240125;100324;1450.600000000;1;9463866137;B
20240125;100325;1450.200000000;4;9463866263;S
20240125;100325;1450.200000000;8;9463866264;S
20240125;100325;1450.000000000;1;9463866265;S
20240125;100325;1450.000000000;1;9463866266;S
20240125;100325;1450.000000000;1;9463866267;S
20240125;100325;1450.000000000;1;9463866268;S
20240125;100325;1450.000000000;1;9463866269;S
20240125;100325;1450.000000000;2;9463866270;S
20240125;100325;1450.000000000;5;9463866271;S
20240125;100325;1450.000000000;5;9463866272;S
20240125;100325;1450.000000000;5;9463866273;S
20240125;100325;1450.000000000;1;9463866274;S
20240125;100325;1450.000000000;35;9463866275;S
20240125;100328;1450.600000000;50;9463866793;B
20240125;100329;1450.600000000;20;9463866932;B
20240125;100330;1450.600000000;1;9463867057;B
20240125;100330;1450.600000000;25;9463867058;B
20240125;100330;1450.800000000;24;9463867059;B
20240125;100332;1450.000000000;1;9463867425;S
20240125;100333;1450.600000000;8;9463867558;B
20240125;100334;1450.600000000;7;9463867691;B
20240125;100334;1450.000000000;10;9463867767;S
20240125;100339;1450.600000000;3;9463868501;B
20240125;100339;1450.600000000;1;9463868534;B
20240125;100339;1450.200000000;10;9463868561;S
20240125;100339;1450.600000000;5;9463868642;B
20240125;100342;1450.400000000;1;9463869127;S
20240125;100343;1450.400000000;1;9463869180;S
20240125;100343;1450.400000000;1;9463869228;S
20240125;100344;1450.400000000;1;9463869393;B
20240125;100344;1450.400000000;1;9463869458;S
20240125;100344;1450.400000000;1;9463869505;S
20240125;100345;1450.400000000;1;9463869513;S
20240125;100345;1450.400000000;1;9463869543;S
20240125;100345;1450.400000000;1;9463869546;S
20240125;100346;1450.600000000;1;9463869658;B
20240125;100346;1450.600000000;1;9463869659;B
20240125;100346;1450.600000000;1;9463869660;B
20240125;100346;1450.600000000;1;9463869661;B
20240125;100346;1450.600000000;1;9463869662;B
20240125;100346;1450.800000000;32;9463869663;B
20240125;100347;1450.600000000;1;9463869924;S
20240125;100347;1450.600000000;4;9463869937;S
20240125;100347;1450.400000000;1;9463869938;S
20240125;100348;1450.600000000;5;9463870095;B
20240125;100350;1450.200000000;1;9463870528;B
20240125;100351;1450.200000000;2;9463870634;B
20240125;100352;1450.000000000;4;9463870850;S
20240125;100352;1450.000000000;10;9463870851;S
20240125;100352;1450.000000000;2;9463870852;S
20240125;100352;1450.000000000;1;9463870853;S
20240125;100352;1450.000000000;83;9463870854;S
20240125;100352;1450.000000000;50;9463870910;S
20240125;100352;1450.000000000;20;9463870911;S
20240125;100352;1449.800000000;2;9463870912;S
20240125;100352;1449.600000000;25;9463870913;S
20240125;100352;1449.600000000;55;9463870914;S
20240125;100352;1449.600000000;70;9463870915;S
20240125;100352;1449.400000000;55;9463870916;S
20240125;100352;1449.400000000;32;9463870917;S
20240125;100352;1449.400000000;25;9463870918;S
20240125;100352;1449.400000000;137;9463870919;S
20240125;100352;1449.200000000;50;9463870920;S
20240125;100352;1449.200000000;9;9463870921;S
20240125;100353;1449.600000000;221;9463871061;S
20240125;100353;1449.600000000;29;9463871062;S
20240125;100355;1449.400000000;1;9463871374;S
20240125;100355;1450.200000000;31;9463871381;B
20240125;100356;1450.200000000;1;9463871581;B
20240125;100358;1450.200000000;150;9463871777;B
20240125;100358;1450.000000000;5;9463871785;S
20240125;100358;1449.600000000;13;9463871786;S
20240125;100358;1450.200000000;1;9463871900;B
20240125;100359;1450.200000000;4;9463872120;B
20240125;100400;1450.200000000;7;9463872250;B
20240125;100400;1450.000000000;7;9463872259;S
20240125;100401;1450.200000000;1;9463872321;B
20240125;100401;1450.200000000;2;9463872405;B
20240125;100401;1450.200000000;4;9463872406;B
20240125;100404;1450.000000000;3;9463872766;S
20240125;100405;1450.200000000;10;9463872910;B
20240125;100407;1450.000000000;1;9463873245;S
20240125;100408;1450.200000000;2;9463873356;B
20240125;100413;1450.000000000;25;9463874454;S
20240125;100413;1450.000000000;1;9463874455;S
20240125;100413;1450.000000000;4;9463874456;S
20240125;100413;1450.000000000;4;9463874457;S
20240125;100413;1450.000000000;3;9463874458;S
20240125;100414;1450.000000000;50;9463874618;B
20240125;100414;1450.000000000;5;9463874703;B
20240125;100415;1450.000000000;3;9463874851;B
20240125;100415;1450.000000000;2;9463874897;B
20240125;100415;1450.000000000;1;9463874969;B
20240125;100415;1450.000000000;2;9463874996;B
20240125;100415;1450.000000000;64;9463874997;B
20240125;100415;1450.200000000;1;9463874998;B
20240125;100415;1450.200000000;1;9463874999;B
20240125;100415;1450.200000000;4;9463875000;B
20240125;100415;1450.200000000;1;9463875001;B
20240125;100415;1450.200000000;1;9463875002;B
20240125;100415;1450.200000000;1;9463875003;B
20240125;100415;1450.200000000;25;9463875004;B
20240125;100415;1450.200000000;1;9463875005;B
20240125;100415;1450.200000000;194;9463875006;B
20240125;100415;1450.400000000;25;9463875007;B
20240125;100415;1450.400000000;1;9463875008;B
20240125;100415;1450.400000000;1;9463875009;B
20240125;100415;1450.400000000;1;9463875010;B
20240125;100415;1450.400000000;1;9463875011;B
20240125;100415;1450.400000000;1;9463875012;B
20240125;100415;1450.400000000;185;9463875013;B
20240125;100416;1450.400000000;100;9463875093;B
20240125;100419;1450.000000000;2;9463875880;B
20240125;100419;1449.800000000;6;9463875892;S
20240125;100419;1450.000000000;20;9463875909;B
20240125;100420;1450.000000000;6;9463875999;B
20240125;100420;1450.000000000;2;9463876060;B
20240125;100424;1450.000000000;1;9463876644;B
20240125;100426;1450.000000000;4;9463877082;B
20240125;100427;1450.000000000;1;9463877194;B
20240125;100428;1450.000000000;5;9463877392;B
20240125;100433;1449.800000000;1;9463878105;S
20240125;100433;1450.000000000;10;9463878148;B
20240125;100435;1450.000000000;4;9463878391;B
20240125;100435;1449.800000000;93;9463878463;S
20240125;100435;1449.800000000;1;9463878464;S
20240125;100439;1449.200000000;15;9463879275;S
20240125;100439;1449.200000000;35;9463879276;S
20240125;100440;1449.200000000;159;9463879715;S
20240125;100440;1449.000000000;10;9463879716;S
20240125;100440;1449.000000000;1;9463879717;S
20240125;100440;1449.000000000;10;9463879718;S
20240125;100440;1449.000000000;55;9463879719;S
20240125;100440;1449.000000000;25;9463879720;S
20240125;100440;1449.000000000;70;9463879721;S
20240125;100440;1448.800000000;3;9463879722;S
20240125;100440;1448.800000000;55;9463879723;S
20240125;100440;1448.800000000;8;9463879724;S
20240125;100440;1448.800000000;4;9463879725;S
20240125;100441;1449.400000000;1;9463880117;B
20240125;100442;1448.800000000;10;9463880299;S
20240125;100444;1449.600000000;25;9463880767;B
20240125;100444;1449.600000000;15;9463880768;B
20240125;100447;1449.200000000;1;9463881328;S
20240125;100449;1449.800000000;1;9463881555;B
20240125;100449;1449.600000000;3;9463881655;S
20240125;100450;1449.600000000;120;9463881799;S
20240125;100450;1449.600000000;21;9463881829;S
20240125;100451;1449.600000000;4;9463881909;S
20240125;100452;1449.600000000;24;9463882115;S
20240125;100454;1449.400000000;1;9463882700;S
20240125;100455;1449.400000000;5;9463882724;S
20240125;100455;1449.600000000;10;9463882756;B
20240125;100456;1449.600000000;16;9463882902;B
20240125;100456;1449.800000000;123;9463882903;B
20240125;100458;1449.600000000;4;9463883359;S
20240125;100501;1449.800000000;3;9463883819;B
20240125;100501;1449.800000000;9;9463883863;B
20240125;100501;1449.800000000;1;9463883864;B
20240125;100503;1450.000000000;3;9463884320;B
20240125;100503;1449.800000000;4;9463884411;S
20240125;100503;1449.600000000;5;9463884412;S
20240125;100507;1449.600000000;1;9463885026;B
20240125;100513;1449.600000000;37;9463886261;B
20240125;100513;1449.600000000;10;9463886262;B
20240125;100513;1449.600000000;3;9463886263;B
20240125;100514;1449.600000000;1;9463886358;B
20240125;100516;1449.000000000;1;9463887133;S
20240125;100519;1449.000000000;13;9463887692;S
20240125;100519;1449.600000000;96;9463887705;B
20240125;100519;1449.600000000;5;9463887706;B
20240125;100519;1449.800000000;9;9463887707;B
20240125;100519;1449.800000000;179;9463887708;B
20240125;100519;1449.800000000;25;9463887709;B
20240125;100519;1450.000000000;292;9463887710;B
20240125;100519;1450.000000000;3;9463887711;B
20240125;100519;1450.000000000;1;9463887712;B
20240125;100519;1450.000000000;1;9463887713;B
20240125;100519;1450.000000000;1;9463887714;B
20240125;100519;1450.000000000;1;9463887715;B
20240125;100519;1450.000000000;1;9463887716;B
20240125;100519;1450.000000000;1;9463887717;B
20240125;100519;1450.000000000;1;9463887718;B
20240125;100519;1450.000000000;12;9463887719;B
20240125;100519;1450.000000000;4;9463887720;B
20240125;100519;1450.000000000;10;9463887721;B
20240125;100519;1450.000000000;2;9463887777;S
20240125;100520;1450.000000000;93;9463887842;S
20240125;100523;1450.000000000;19;9463888479;S
20240125;100524;1450.000000000;49;9463888609;S
20240125;100526;1450.200000000;5;9463888831;B
20240125;100529;1450.000000000;20;9463889473;S
20240125;100530;1450.200000000;1;9463889612;B
20240125;100531;1450.000000000;150;9463889785;S
20240125;100532;1450.200000000;4;9463889956;B
20240125;100532;1450.200000000;1;9463889957;B
20240125;100533;1450.200000000;7;9463890109;B
20240125;100534;1450.000000000;1;9463890399;S
20240125;100535;1450.200000000;3;9463890530;B
20240125;100536;1450.200000000;89;9463890776;B
20240125;100536;1450.200000000;20;9463890777;B
20240125;100536;1450.200000000;29;9463890778;B
20240125;100537;1450.000000000;5;9463890901;S
20240125;100539;1450.200000000;49;9463891132;B
20240125;100539;1450.000000000;10;9463891243;S
20240125;100540;1450.200000000;1;9463891346;B
20240125;100543;1450.000000000;9;9463891862;S
20240125;100543;1450.000000000;1;9463891863;S
20240125;100543;1450.000000000;3;9463891864;S
20240125;100544;1450.000000000;57;9463892223;B
20240125;100544;1450.200000000;24;9463892224;B
20240125;100544;1450.400000000;215;9463892225;B
20240125;100544;1450.400000000;20;9463892226;B
20240125;100544;1450.400000000;1;9463892227;B
20240125;100544;1450.400000000;55;9463892228;B
20240125;100544;1450.600000000;5;9463892229;B
20240125;100544;1450.600000000;55;9463892230;B
20240125;100544;1450.600000000;25;9463892231;B
20240125;100544;1450.800000000;1;9463892232;B
20240125;100544;1450.800000000;42;9463892233;B
20240125;100546;1450.200000000;25;9463892726;S
20240125;100546;1450.200000000;104;9463892727;S
20240125;100546;1450.000000000;55;9463892728;S
20240125;100546;1450.000000000;25;9463892729;S
20240125;100546;1450.000000000;41;9463892730;S
20240125;100547;1450.000000000;1;9463892747;S
20240125;100548;1450.800000000;2;9463892956;B
20240125;100551;1450.000000000;7;9463893376;S
20240125;100551;1450.000000000;55;9463893377;S
20240125;100551;1450.000000000;25;9463893378;S
20240125;100551;1450.000000000;1;9463893379;S
20240125;100553;1449.600000000;10;9463893792;S
20240125;100553;1449.400000000;5;9463893793;S
20240125;100555;1449.800000000;30;9463894142;B
20240125;100555;1449.600000000;1;9463894212;B
20240125;100556;1449.600000000;4;9463894216;B
20240125;100556;1449.800000000;56;9463894217;B
20240125;100556;1449.800000000;10;9463894363;B
20240125;100557;1449.800000000;1;9463894452;B
20240125;100558;1450.000000000;1;9463894648;B
20240125;100600;1449.800000000;7;9463894973;B
20240125;100600;1450.000000000;1;9463895018;B
20240125;100600;1449.800000000;8;9463895022;S
20240125;100600;1449.600000000;8;9463895023;S
20240125;100600;1449.400000000;70;9463895024;S
20240125;100600;1449.200000000;64;9463895025;S
20240125;100601;1449.200000000;1;9463895055;S
20240125;100606;1449.200000000;35;9463895943;S
20240125;100607;1449.200000000;8;9463896224;S
20240125;100607;1449.200000000;1;9463896227;S
20240125;100609;1449.200000000;1;9463896514;S
20240125;100610;1449.200000000;10;9463896652;S
20240125;100610;1449.800000000;120;9463896754;B
20240125;100610;1450.000000000;683;9463896755;B
20240125;100610;1450.000000000;25;9463896756;B
20240125;100610;1450.000000000;25;9463896757;B
20240125;100610;1450.000000000;5;9463896758;B
20240125;100611;1450.200000000;19;9463897079;S
20240125;100613;1450.200000000;10;9463897491;S
20240125;100613;1450.600000000;300;9463897512;B
20240125;100613;1450.600000000;55;9463897513;B
20240125;100613;1450.600000000;25;9463897514;B
20240125;100613;1450.800000000;55;9463897515;B
20240125;100613;1450.800000000;111;9463897516;B
20240125;100613;1451.000000000;1;9463897517;B
20240125;100613;1451.000000000;50;9463897518;B
20240125;100613;1451.000000000;1;9463897519;B
20240125;100613;1451.000000000;55;9463897520;B
20240125;100613;1451.000000000;20;9463897521;B
20240125;100613;1451.000000000;4;9463897522;B
20240125;100613;1451.000000000;137;9463897523;B
20240125;100613;1451.000000000;23;9463897524;B
20240125;100613;1451.000000000;1;9463897551;S
20240125;100617;1451.000000000;17;9463898312;S
20240125;100618;1451.400000000;100;9463898559;B
20240125;100618;1451.600000000;1;9463898560;B
20240125;100618;1451.600000000;1;9463898561;B
20240125;100618;1451.600000000;1;9463898562;B
20240125;100618;1451.600000000;25;9463898563;B
20240125;100618;1451.800000000;89;9463898564;B
20240125;100618;1451.800000000;9;9463898565;B
20240125;100618;1451.800000000;23;9463898566;B
20240125;100618;1451.800000000;20;9463898567;B
20240125;100618;1451.800000000;137;9463898568;B
20240125;100618;1451.800000000;14;9463898569;B
20240125;100619;1451.400000000;1;9463898683;B
20240125;100619;1451.400000000;1;9463898702;S
20240125;100620;1451.800000000;5;9463898865;B
20240125;100623;1451.800000000;4;9463899333;B
20240125;100626;1451.800000000;7;9463899797;B
20240125;100626;1451.800000000;84;9463899983;B
20240125;100626;1451.800000000;1;9463899984;B
20240125;100626;1451.800000000;1;9463899985;B
20240125;100626;1451.800000000;1;9463899986;B
20240125;100626;1451.800000000;113;9463899987;B
20240125;100629;1451.600000000;5;9463900438;S
20240125;100630;1451.800000000;50;9463900623;B
20240125;100631;1451.800000000;420;9463900681;B
20240125;100631;1451.800000000;25;9463900682;B
20240125;100631;1451.800000000;1;9463900771;B
20240125;100631;1451.800000000;1;9463900773;B
20240125;100632;1451.800000000;84;9463900897;B
20240125;100632;1451.800000000;16;9463900898;B
20240125;100632;1451.400000000;4;9463900926;S
20240125;100632;1451.200000000;104;9463900927;S
20240125;100632;1451.200000000;1;9463900928;S
20240125;100632;1451.000000000;145;9463900929;S
20240125;100632;1451.000000000;25;9463900930;S
20240125;100632;1451.000000000;20;9463900931;S
20240125;100632;1450.800000000;194;9463900932;S
20240125;100632;1450.800000000;55;9463900933;S
20240125;100632;1450.800000000;25;9463900934;S
20240125;100632;1450.600000000;55;9463900935;S
20240125;100632;1450.600000000;100;9463900936;S
20240125;100632;1450.600000000;56;9463900937;S
20240125;100632;1450.600000000;7;9463901001;B
20240125;100634;1450.600000000;3;9463901289;B
20240125;100636;1450.600000000;3;9463901651;B
20240125;100637;1450.600000000;3;9463901829;B
20240125;100637;1450.600000000;200;9463901832;B
20240125;100637;1450.600000000;50;9463901858;B
20240125;100641;1450.600000000;85;9463902731;B
20240125;100642;1450.600000000;18;9463903056;B
20240125;100647;1450.600000000;3;9463904384;B
20240125;100649;1450.600000000;35;9463904682;B
20240125;100650;1450.400000000;20;9463904811;S
20240125;100650;1450.200000000;98;9463904812;S
20240125;100650;1450.400000000;1;9463904852;B
20240125;100651;1450.400000000;57;9463905109;B
20240125;100651;1450.400000000;25;9463905110;B
20240125;100651;1450.600000000;1918;9463905111;B
20240125;100655;1450.400000000;5;9463906040;B
20240125;100655;1450.600000000;50;9463906041;B
20240125;100656;1450.400000000;20;9463906465;B
20240125;100658;1450.400000000;15;9463906786;B
20240125;100658;1450.400000000;1;9463906803;B
20240125;100659;1450.400000000;19;9463906912;B
20240125;100659;1450.400000000;25;9463906913;B
20240125;100659;1450.600000000;2805;9463906914;B
20240125;100659;1450.600000000;137;9463906915;B
20240125;100659;1450.600000000;14;9463906916;B
20240125;100659;1450.600000000;2;9463906917;B
20240125;100659;1450.600000000;16;9463906919;B
20240125;100659;1450.600000000;1;9463906970;B
20240125;100700;1450.600000000;20;9463907002;B
20240125;100701;1450.800000000;20;9463907169;B
20240125;100701;1450.400000000;10;9463907185;S
20240125;100702;1451.000000000;6;9463907472;B
20240125;100702;1451.000000000;29;9463907473;B
20240125;100703;1450.600000000;5;9463907555;S
20240125;100704;1450.600000000;24;9463907627;S
20240125;100704;1450.600000000;1;9463907628;S
20240125;100706;1450.600000000;1;9463908077;S
20240125;100708;1450.600000000;1;9463908504;S
20240125;100709;1451.000000000;51;9463908532;B
20240125;100709;1451.000000000;55;9463908533;B
20240125;100709;1451.200000000;25;9463908534;B
20240125;100709;1451.200000000;55;9463908535;B
20240125;100709;1451.200000000;1;9463908536;B
20240125;100709;1451.200000000;13;9463908537;B
20240125;100710;1450.600000000;6;9463908806;S
20240125;100711;1450.600000000;1;9463908926;S
20240125;100711;1450.600000000;20;9463908927;S
20240125;100711;1450.600000000;14;9463908928;S
20240125;100711;1450.400000000;76;9463908929;S
20240125;100711;1450.600000000;100;9463908950;S
20240125;100711;1451.200000000;1;9463909102;B
20240125;100712;1450.400000000;1;9463909209;S
20240125;100713;1451.200000000;2;9463909822;B
20240125;100716;1451.200000000;50;9463910704;B
20240125;100722;1450.400000000;49;9463911880;S
20240125;100722;1450.400000000;10;9463911881;S
20240125;100722;1450.400000000;20;9463911882;S
20240125;100722;1450.200000000;15;9463911883;S
20240125;100722;1450.200000000;50;9463911884;S
20240125;100722;1450.000000000;4;9463911885;S
20240125;100722;1450.000000000;11;9463911886;S
20240125;100722;1450.000000000;80;9463911887;S
20240125;100722;1450.000000000;3;9463911888;S
20240125;100722;1450.000000000;7;9463911889;S
20240125;100722;1450.000000000;25;9463911890;S
20240125;100722;1450.000000000;25;9463911891;S
20240125;100722;1449.600000000;1;9463911892;S
20240125;100722;1449.600000000;14;9463911893;S
20240125;100722;1449.600000000;86;9463911894;S
20240125;100723;1449.600000000;5;9463911897;S
20240125;100723;1449.800000000;7;9463911970;B
20240125;100723;1449.800000000;70;9463911971;B
20240125;100723;1450.000000000;2;9463911972;B
20240125;100726;1449.800000000;3;9463912564;B
20240125;100728;1449.800000000;50;9463912756;B
20240125;100731;1449.800000000;1;9463913384;B
20240125;100731;1449.200000000;1;9463913422;S
20240125;100733;1450.000000000;1;9463913928;B
20240125;100734;1449.200000000;17;9463914017;S
20240125;100734;1449.200000000;20;9463914018;S
20240125;100734;1449.200000000;25;9463914019;S
20240125;100734;1449.200000000;5;9463914020;S
20240125;100734;1449.000000000;86;9463914021;S
20240125;100734;1449.000000000;1;9463914022;S
20240125;100734;1449.000000000;196;9463914023;S
20240125;100734;1449.200000000;2;9463914037;S
20240125;100734;1449.000000000;1;9463914038;S
20240125;100736;1449.800000000;1;9463914363;B
20240125;100741;1449.800000000;1;9463915372;B
20240125;100742;1449.800000000;1;9463915564;B
20240125;100743;1449.800000000;22;9463915746;B
20240125;100743;1450.000000000;52;9463915747;B
20240125;100751;1450.600000000;2;9463917308;B
20240125;100751;1450.000000000;100;9463917361;S
20240125;100752;1450.600000000;53;9463917419;B
20240125;100752;1450.600000000;2;9463917420;B
20240125;100752;1450.800000000;70;9463917421;B
20240125;100752;1450.800000000;55;9463917422;B
20240125;100752;1451.000000000;55;9463917423;B
20240125;100752;1451.000000000;25;9463917424;B
20240125;100752;1451.200000000;2;9463917425;B
20240125;100752;1451.200000000;10;9463917426;B
20240125;100752;1451.200000000;12;9463917427;B
20240125;100752;1451.200000000;156;9463917428;B
20240125;100754;1450.200000000;10;9463918024;S
20240125;100756;1451.000000000;10;9463918390;B
20240125;100758;1450.200000000;15;9463918845;S
20240125;100758;1450.200000000;20;9463918846;S
20240125;100758;1450.000000000;126;9463918847;S
20240125;100758;1449.800000000;1;9463918848;S
20240125;100758;1449.800000000;25;9463918849;S
20240125;100758;1449.800000000;1;9463918850;S
20240125;100758;1449.600000000;156;9463918851;S
20240125;100758;1449.600000000;70;9463918852;S
20240125;100758;1449.600000000;55;9463918853;S
20240125;100758;1449.400000000;55;9463918854;S
20240125;100758;1449.200000000;3;9463918855;S
20240125;100758;1449.200000000;43;9463918856;S
20240125;100758;1450.200000000;1;9463918936;B
20240125;100804;1450.000000000;1;9463919971;S
20240125;100807;1450.200000000;2;9463920605;B
20240125;100807;1450.200000000;15;9463920613;B
20240125;100808;1450.200000000;20;9463920796;B
20240125;100809;1450.200000000;18;9463920924;B
20240125;100809;1450.200000000;104;9463920925;B
20240125;100809;1450.200000000;2;9463920926;B
20240125;100809;1450.400000000;55;9463920927;B
20240125;100809;1450.400000000;1;9463920928;B
20240125;100809;1450.400000000;1;9463920929;B
20240125;100809;1450.400000000;70;9463920930;B
20240125;100809;1450.400000000;137;9463920931;B
20240125;100809;1450.600000000;55;9463920932;B
20240125;100809;1450.600000000;25;9463920933;B
20240125;100809;1450.600000000;50;9463920934;B
20240125;100809;1450.800000000;4;9463920935;B
20240125;100809;1450.800000000;24;9463920936;B
20240125;100809;1451.000000000;15;9463920937;B
20240125;100809;1451.000000000;1;9463920938;B
20240125;100809;1451.000000000;1;9463920939;B
20240125;100809;1451.200000000;16;9463920940;B
20240125;100809;1451.200000000;1;9463920941;B
20240125;100809;1451.400000000;20;9463920942;B
20240125;100809;1451.400000000;116;9463920943;B
20240125;100809;1451.600000000;10;9463920944;B
20240125;100809;1451.600000000;194;9463920945;B
20240125;100809;1451.800000000;44;9463920946;B
20240125;100809;1451.800000000;36;9463920947;B
20240125;100809;1450.200000000;10;9463921000;S
20240125;100809;1450.200000000;15;9463921015;S
20240125;100809;1450.000000000;12;9463921016;S
20240125;100809;1450.000000000;3;9463921017;S
20240125;100813;1450.000000000;3;9463921686;S
20240125;100813;1450.400000000;6;9463921841;B
20240125;100814;1450.400000000;10;9463921980;B
20240125;100815;1450.400000000;10;9463922004;B
20240125;100815;1450.600000000;10;9463922024;B
20240125;100816;1450.000000000;10;9463922250;S
20240125;100817;1450.000000000;4;9463922321;S
20240125;100817;1450.000000000;30;9463922322;S
20240125;100817;1450.000000000;2;9463922326;S
20240125;100820;1450.000000000;2;9463922831;S
20240125;100820;1450.000000000;3;9463922832;S
20240125;100825;1450.400000000;1;9463923779;B
20240125;100828;1450.000000000;8;9463924263;S
20240125;100830;1450.200000000;2;9463924598;B
20240125;100833;1450.000000000;1;9463924914;S
20240125;100834;1450.000000000;48;9463925071;S
20240125;100834;1450.000000000;2;9463925072;S
20240125;100834;1450.200000000;10;9463925135;B
20240125;100836;1450.000000000;88;9463925445;S
20240125;100836;1450.000000000;18;9463925446;S
20240125;100836;1450.000000000;15;9463925447;S
20240125;100838;1450.000000000;2;9463925642;B
20240125;100839;1450.000000000;177;9463925714;B
20240125;100839;1450.000000000;7;9463925715;B
20240125;100840;1450.200000000;1;9463925846;B
20240125;100841;1450.000000000;36;9463926083;S
20240125;100841;1450.000000000;2;9463926084;S
20240125;100841;1449.800000000;70;9463926085;S
20240125;100841;1449.600000000;1;9463926086;S
20240125;100841;1449.600000000;5;9463926087;S
20240125;100841;1449.600000000;25;9463926088;S
20240125;100841;1449.600000000;59;9463926089;S
20240125;100841;1449.400000000;194;9463926090;S
20240125;100841;1449.200000000;39;9463926091;S
20240125;100841;1449.200000000;16;9463926092;S
20240125;100841;1449.000000000;44;9463926093;S
20240125;100841;1449.000000000;50;9463926094;S
20240125;100841;1449.000000000;158;9463926095;S
20240125;100841;1449.000000000;1;9463926096;S
20240125;100841;1449.000000000;5;9463926097;S
20240125;100841;1449.000000000;10;9463926098;S
20240125;100841;1449.000000000;25;9463926099;S
20240125;100841;1449.000000000;67;9463926100;B
20240125;100843;1449.000000000;60;9463926375;B
20240125;100843;1449.000000000;6;9463926410;B
20240125;100844;1448.800000000;5;9463926520;S
20240125;100844;1448.800000000;5;9463926685;S
20240125;100845;1448.800000000;5;9463926794;B
20240125;100847;1448.600000000;1;9463927038;S
20240125;100847;1448.600000000;8;9463927039;S
20240125;100847;1448.400000000;4;9463927040;S
20240125;100848;1448.400000000;28;9463927237;S
20240125;100849;1448.200000000;200;9463927359;S
20240125;100849;1448.600000000;1;9463927394;B
20240125;100850;1448.200000000;1;9463927522;S
20240125;100851;1448.600000000;1;9463927640;B
20240125;100852;1448.600000000;10;9463927773;B
20240125;100854;1448.400000000;1;9463928067;S
20240125;100854;1448.600000000;1;9463928117;B
20240125;100856;1448.600000000;1;9463928269;B
20240125;100858;1448.400000000;10;9463928617;S
20240125;100858;1448.600000000;5;9463928625;B
20240125;100858;1448.800000000;3;9463928626;B
20240125;100858;1448.400000000;4;9463928749;S
20240125;100858;1448.200000000;3;9463928750;S
20240125;100858;1448.400000000;3;9463928756;S
20240125;100900;1448.400000000;5;9463928933;S
20240125;100900;1448.400000000;1;9463928934;S
20240125;100900;1448.400000000;1;9463928935;S
20240125;100900;1448.400000000;1;9463928936;S
20240125;100900;1448.400000000;1;9463928937;S
20240125;100900;1448.200000000;143;9463928938;S
20240125;100900;1448.200000000;10;9463928939;S
20240125;100900;1448.200000000;1;9463928940;S
20240125;100900;1448.200000000;200;9463928941;S
20240125;100900;1448.000000000;8;9463928942;S
20240125;100900;1448.000000000;1;9463928943;S
20240125;100900;1448.000000000;55;9463928944;S
20240125;100900;1448.000000000;25;9463928945;S
20240125;100900;1448.000000000;48;9463928946;S
20240125;100900;1448.000000000;90;9463928959;S
20240125;100900;1447.800000000;7;9463928960;S
20240125;100900;1447.800000000;3;9463929001;S
20240125;100900;1447.800000000;47;9463929002;S
20240125;100900;1447.800000000;50;9463929043;S
20240125;100900;1447.800000000;3;9463929044;S
20240125;100900;1447.800000000;10;9463929045;S
20240125;100900;1447.600000000;1;9463929046;S
20240125;100900;1447.600000000;2;9463929047;S
20240125;100900;1447.600000000;1;9463929048;S
20240125;100900;1447.600000000;6;9463929049;S
20240125;100900;1447.600000000;1;9463929050;S
20240125;100900;1447.600000000;1;9463929051;S
20240125;100900;1447.600000000;10;9463929052;S
20240125;100900;1447.600000000;1;9463929053;S
20240125;100900;1447.600000000;3;9463929054;S
20240125;100900;1447.600000000;2;9463929055;S
20240125;100900;1447.600000000;2;9463929056;S
20240125;100900;1447.600000000;2;9463929057;S
20240125;100900;1447.600000000;1;9463929058;S
20240125;100900;1447.600000000;1;9463929059;S
20240125;100900;1447.600000000;1;9463929060;S
20240125;100900;1447.600000000;1;9463929086;S
20240125;100901;1447.600000000;5;9463929103;S
20240125;100901;1447.600000000;20;9463929104;S
20240125;100901;1447.600000000;4;9463929105;S
20240125;100901;1447.600000000;70;9463929106;S
20240125;100901;1447.600000000;14;9463929107;S
20240125;100901;1447.600000000;1;9463929108;S
20240125;100901;1447.600000000;34;9463929109;S
20240125;100901;1447.600000000;2;9463929110;S
20240125;100901;1447.600000000;55;9463929111;S
20240125;100901;1447.600000000;10;9463929112;S
20240125;100901;1447.600000000;25;9463929113;S
20240125;100901;1447.400000000;1;9463929114;S
20240125;100901;1447.400000000;35;9463929115;S
20240125;100901;1447.400000000;1;9463929116;S
20240125;100901;1447.400000000;3;9463929117;S
20240125;100901;1447.400000000;3;9463929118;S
20240125;100901;1447.400000000;1;9463929119;S
20240125;100901;1447.400000000;16;9463929120;S
20240125;100901;1447.600000000;7;9463929166;S
20240125;100901;1447.600000000;3;9463929183;S
20240125;100901;1447.400000000;47;9463929184;S
20240125;100901;1447.400000000;37;9463929198;S
20240125;100901;1447.400000000;1;9463929199;S
20240125;100901;1447.400000000;50;9463929200;S
20240125;100901;1447.200000000;1;9463929201;S
20240125;100901;1447.200000000;100;9463929202;S
20240125;100901;1447.200000000;8;9463929203;S
20240125;100901;1447.200000000;55;9463929204;S
20240125;100901;1447.200000000;68;9463929205;S
20240125;100901;1447.400000000;1;9463929225;B
20240125;100901;1447.800000000;1;9463929245;B
20240125;100902;1447.600000000;1;9463929385;S
20240125;100902;1447.200000000;4;9463929386;S
20240125;100902;1447.200000000;2;9463929387;S
20240125;100902;1447.200000000;1;9463929388;S
20240125;100902;1447.000000000;3;9463929389;S
20240125;100902;1447.000000000;1;9463929390;S
20240125;100902;1447.000000000;2;9463929391;S
20240125;100902;1447.000000000;40;9463929392;S
20240125;100902;1447.000000000;1;9463929393;S
20240125;100902;1447.000000000;1;9463929394;S
20240125;100902;1447.000000000;138;9463929395;S
20240125;100902;1447.000000000;25;9463929396;S
20240125;100902;1446.800000000;1;9463929397;S
20240125;100902;1446.800000000;1;9463929398;S
20240125;100902;1446.800000000;60;9463929399;S
20240125;100902;1446.800000000;55;9463929400;S
20240125;100902;1446.800000000;16;9463929401;S
20240125;100902;1446.600000000;1;9463929402;S
20240125;100902;1446.600000000;55;9463929403;S
20240125;100902;1446.400000000;1;9463929404;S
20240125;100902;1446.400000000;55;9463929405;S
20240125;100902;1446.400000000;25;9463929406;S
20240125;100902;1446.400000000;278;9463929407;S
20240125;100902;1446.400000000;800;9463929408;S
20240125;100902;1446.200000000;4;9463929409;S
20240125;100902;1446.200000000;1;9463929410;S
20240125;100902;1446.200000000;428;9463929411;S
20240125;100902;1447.200000000;25;9463929412;B
20240125;100902;1447.400000000;75;9463929413;B
20240125;100902;1447.000000000;2;9463929466;B
20240125;100903;1446.800000000;3;9463929468;S
20240125;100903;1446.600000000;1;9463929469;S
20240125;100903;1446.600000000;1;9463929470;S
20240125;100903;1446.600000000;16;9463929471;S
20240125;100903;1446.400000000;138;9463929472;S
20240125;100903;1446.400000000;4;9463929473;S
20240125;100903;1446.200000000;25;9463929474;S
20240125;100903;1446.000000000;1;9463929475;S
20240125;100903;1446.000000000;1;9463929476;S
20240125;100903;1446.000000000;50;9463929477;S
20240125;100903;1445.800000000;75;9463929478;S
20240125;100903;1445.800000000;385;9463929479;S
20240125;100903;1446.200000000;8;9463929552;S
20240125;100903;1445.600000000;55;9463929553;S
20240125;100903;1445.600000000;10;9463929554;S
20240125;100903;1445.600000000;138;9463929555;S
20240125;100903;1445.400000000;4;9463929556;S
20240125;100903;1445.400000000;25;9463929557;S
20240125;100903;1445.200000000;100;9463929558;S
20240125;100903;1445.200000000;100;9463929559;S
20240125;100903;1445.200000000;1;9463929560;S
20240125;100903;1445.200000000;25;9463929561;S
20240125;100903;1445.000000000;1;9463929562;S
20240125;100903;1445.000000000;7;9463929563;S
20240125;100903;1445.000000000;1;9463929564;S
20240125;100903;1445.000000000;25;9463929565;S
20240125;100903;1445.000000000;1;9463929566;S
20240125;100903;1445.000000000;1;9463929567;S
20240125;100903;1445.000000000;5;9463929568;S
20240125;100903;1445.000000000;3;9463929569;S
20240125;100903;1445.000000000;20;9463929570;S
20240125;100903;1445.000000000;1;9463929571;S
20240125;100903;1445.000000000;1;9463929572;S
20240125;100903;1445.000000000;5;9463929573;S
20240125;100903;1445.000000000;55;9463929574;S
20240125;100903;1445.000000000;8;9463929575;S
20240125;100903;1445.400000000;10;9463929582;S
20240125;100903;1445.400000000;22;9463929587;S
20240125;100903;1445.200000000;8;9463929588;S
20240125;100903;1445.000000000;24;9463929607;S
20240125;100903;1445.000000000;6;9463929608;S
20240125;100903;1445.000000000;1;9463929617;S
20240125;100903;1445.000000000;4;9463929618;S
20240125;100903;1445.000000000;10;9463929619;S
20240125;100904;1445.000000000;28;9463929656;S
20240125;100904;1445.000000000;6;9463929658;S
20240125;100904;1445.000000000;35;9463929682;S
20240125;100904;1445.800000000;1;9463929700;B
20240125;100906;1445.600000000;1;9463930008;B
20240125;100908;1445.600000000;31;9463930255;B
20240125;100908;1445.600000000;1;9463930318;B
20240125;100909;1445.600000000;1;9463930483;B
20240125;100910;1445.200000000;50;9463930584;S
20240125;100910;1445.200000000;1;9463930585;S
20240125;100910;1445.200000000;10;9463930586;S
20240125;100910;1445.200000000;2;9463930587;S
20240125;100910;1445.000000000;1;9463930588;S
20240125;100910;1444.800000000;36;9463930589;S
20240125;100912;1445.000000000;10;9463930983;S
20240125;100912;1445.000000000;2;9463930984;S
20240125;100912;1444.800000000;14;9463930985;S
20240125;100912;1444.800000000;75;9463930986;S
20240125;100912;1444.800000000;99;9463930987;S
20240125;100912;1444.800000000;1;9463931049;S
20240125;100915;1444.800000000;38;9463931456;S
20240125;100915;1444.600000000;40;9463931457;S
20240125;100915;1444.600000000;25;9463931458;S
20240125;100915;1444.600000000;40;9463931459;S
20240125;100915;1444.400000000;17;9463931460;S
20240125;100915;1444.400000000;25;9463931461;S
20240125;100915;1444.400000000;56;9463931462;S
20240125;100918;1444.400000000;82;9463931771;S
20240125;100918;1444.400000000;55;9463931772;S
20240125;100918;1444.400000000;25;9463931773;S
20240125;100918;1444.400000000;1;9463931774;S
20240125;100918;1444.200000000;37;9463931775;S
20240125;100919;1444.200000000;1;9463931924;S
20240125;100919;1444.200000000;24;9463931962;S
20240125;100919;1444.200000000;1;9463931963;S
20240125;100919;1444.000000000;115;9463931964;S
20240125;100920;1444.200000000;1;9463931988;S
20240125;100920;1444.400000000;1;9463932032;B
20240125;100920;1444.800000000;25;9463932033;B
20240125;100920;1445.200000000;44;9463932034;B
20240125;100920;1444.400000000;65;9463932068;S
20240125;100920;1444.400000000;25;9463932085;S
20240125;100920;1444.400000000;104;9463932086;S
20240125;100920;1444.200000000;138;9463932087;S
20240125;100920;1444.200000000;22;9463932088;S
20240125;100920;1444.200000000;1;9463932089;S
20240125;100920;1444.200000000;1;9463932090;S
20240125;100920;1444.000000000;85;9463932091;S
20240125;100920;1444.000000000;3;9463932092;S
20240125;100920;1444.000000000;1;9463932093;S
20240125;100920;1444.000000000;1;9463932094;S
20240125;100920;1444.000000000;119;9463932095;S
20240125;100922;1444.400000000;3;9463932289;S
20240125;100922;1445.000000000;1;9463932300;B
20240125;100924;1444.400000000;10;9463932514;S
20240125;100924;1444.400000000;25;9463932515;S
20240125;100924;1444.400000000;104;9463932516;S
20240125;100924;1444.200000000;11;9463932517;S
20240125;100924;1444.200000000;50;9463932518;S
20240125;100926;1444.200000000;55;9463932793;S
20240125;100926;1444.200000000;25;9463932794;S
20240125;100926;1444.200000000;1;9463932795;S
20240125;100926;1444.000000000;57;9463932796;S
20240125;100927;1444.200000000;55;9463932966;S
20240125;100927;1444.200000000;12;9463932967;S
20240125;100928;1444.200000000;13;9463933043;S
20240125;100928;1444.200000000;5;9463933044;S
20240125;100928;1444.200000000;55;9463933045;S
20240125;100928;1444.000000000;74;9463933046;S
20240125;100928;1444.000000000;53;9463933047;S
20240125;100930;1445.200000000;2;9463933298;B
20240125;100930;1444.800000000;15;9463933426;S
20240125;100930;1444.400000000;55;9463933427;S
20240125;100930;1444.200000000;25;9463933428;S
20240125;100930;1444.200000000;55;9463933429;S
20240125;100930;1444.200000000;3;9463933430;S
20240125;100930;1444.200000000;10;9463933431;S
20240125;100930;1444.200000000;37;9463933432;S
20240125;100931;1445.000000000;5;9463933593;B
20240125;100931;1445.000000000;1;9463933678;B
20240125;100934;1445.000000000;8;9463934144;B
20240125;100934;1445.000000000;7;9463934145;B
20240125;100934;1445.000000000;1;9463934272;S
20240125;100935;1445.000000000;29;9463934288;B
20240125;100937;1445.000000000;30;9463935002;S
20240125;100938;1445.000000000;1;9463935300;S
20240125;100942;1445.200000000;1;9463936173;B
20240125;100942;1445.000000000;3;9463936293;S
20240125;100944;1445.200000000;3;9463936523;B
20240125;100945;1445.000000000;37;9463936549;S
20240125;100945;1445.000000000;57;9463936550;S
20240125;100946;1444.800000000;75;9463936671;S
20240125;100946;1444.600000000;5;9463936672;S
20240125;100947;1444.600000000;19;9463936835;S
20240125;100947;1444.600000000;81;9463936836;S
20240125;100947;1445.000000000;1;9463936878;B
20240125;100947;1445.000000000;1;9463936896;B
20240125;100951;1445.000000000;80;9463937461;B
20240125;100951;1445.000000000;8;9463937462;B
20240125;100951;1445.200000000;8;9463937463;B
20240125;100951;1445.200000000;25;9463937464;B
20240125;100951;1445.400000000;3;9463937465;B
20240125;100951;1445.400000000;8;9463937466;B
20240125;100951;1445.600000000;194;9463937467;B
20240125;100951;1445.600000000;25;9463937468;B
20240125;100959;1445.600000000;145;9463938759;S
20240125;100959;1446.000000000;10;9463938761;B
20240125;100959;1446.200000000;10;9463938762;B
20240125;100959;1446.400000000;10;9463938763;B
20240125;100959;1446.400000000;17;9463938764;B
20240125;100959;1446.400000000;25;9463938765;B
20240125;100959;1446.600000000;28;9463938766;B
20240125;101000;1446.400000000;2;9463938801;B
20240125;101001;1445.600000000;1;9463938947;S
20240125;101007;1446.000000000;3;9463939795;S
20240125;101013;1446.600000000;4;9463941245;B
20240125;101013;1446.600000000;35;9463941293;B
20240125;101020;1446.600000000;33;9463942184;B
20240125;101020;1446.600000000;1;9463942185;B
20240125;101020;1446.600000000;1;9463942186;B
20240125;101020;1446.600000000;1;9463942187;B
20240125;101020;1446.800000000;138;9463942188;B
20240125;101020;1447.000000000;15;9463942189;B
20240125;101020;1447.000000000;1;9463942190;B
20240125;101020;1447.000000000;10;9463942191;B
20240125;101025;1447.800000000;1;9463942890;B
20240125;101028;1447.800000000;14;9463943352;B
20240125;101030;1447.800000000;6;9463943599;B
20240125;101034;1447.200000000;1;9463943966;S
20240125;101034;1447.000000000;4;9463943967;S
20240125;101038;1447.800000000;1;9463944665;B
20240125;101038;1447.800000000;4;9463944689;B
20240125;101038;1447.800000000;6;9463944690;B
20240125;101040;1447.800000000;150;9463944898;B
20240125;101042;1448.000000000;240;9463945126;B
20240125;101042;1448.000000000;25;9463945127;B
20240125;101042;1448.200000000;1;9463945128;B
20240125;101042;1448.200000000;55;9463945129;B
20240125;101042;1448.200000000;16;9463945130;B
20240125;101042;1448.200000000;138;9463945131;B
20240125;101042;1448.400000000;55;9463945132;B
20240125;101042;1448.400000000;1;9463945133;B
20240125;101042;1448.400000000;10;9463945134;B
20240125;101042;1448.600000000;55;9463945135;B
20240125;101042;1448.600000000;1;9463945136;B
20240125;101042;1448.600000000;3;9463945137;B
20240125;101042;1447.600000000;1;9463945177;S
20240125;101042;1447.600000000;12;9463945178;S
20240125;101042;1448.400000000;1;9463945199;B
20240125;101045;1448.400000000;3;9463945514;B
20240125;101046;1448.400000000;3;9463945578;B
20240125;101050;1448.000000000;1;9463946113;S
20240125;101056;1448.400000000;5;9463946783;B
20240125;101056;1448.000000000;5;9463946863;S
20240125;101102;1448.400000000;3;9463947589;B
20240125;101107;1447.600000000;13;9463948354;S
20240125;101107;1447.600000000;67;9463948355;S
20240125;101109;1448.400000000;2;9463948478;B
20240125;101112;1448.400000000;5;9463948780;B
20240125;101114;1447.800000000;1;9463948948;S
20240125;101114;1447.600000000;103;9463948949;S
20240125;101118;1448.400000000;1;9463949536;B
20240125;101120;1448.400000000;1;9463949813;B
20240125;101125;1447.800000000;104;9463950446;S
20240125;101125;1447.800000000;194;9463950447;S
20240125;101125;1447.800000000;1;9463950448;S
20240125;101125;1447.600000000;500;9463950449;S
20240125;101125;1447.600000000;1;9463950450;S
20240125;101125;1447.600000000;25;9463950451;S
20240125;101125;1447.400000000;1;9463950452;S
20240125;101125;1447.400000000;55;9463950453;S
20240125;101125;1447.400000000;25;9463950454;S
20240125;101125;1447.200000000;55;9463950455;S
20240125;101125;1447.200000000;39;9463950456;S
20240125;101129;1447.800000000;2;9463951298;S
20240125;101131;1448.200000000;50;9463951547;B
20240125;101133;1448.200000000;12;9463951722;B
20240125;101133;1448.400000000;1;9463951723;B
20240125;101133;1448.400000000;30;9463951724;B
20240125;101133;1448.400000000;4;9463951725;B
20240125;101133;1448.400000000;1;9463951726;B
20240125;101133;1448.400000000;20;9463951727;B
20240125;101133;1448.400000000;4;9463951728;B
20240125;101133;1448.400000000;55;9463951729;B
20240125;101133;1448.400000000;117;9463951730;B
20240125;101133;1448.400000000;25;9463951731;B
20240125;101133;1448.600000000;55;9463951732;B
20240125;101133;1448.600000000;138;9463951733;B
20240125;101133;1448.600000000;25;9463951734;B
20240125;101133;1448.800000000;13;9463951735;B
20240125;101133;1448.000000000;5;9463951810;S
20240125;101133;1448.000000000;104;9463951811;S
20240125;101133;1447.800000000;48;9463951812;S
20240125;101133;1447.800000000;25;9463951813;S
20240125;101133;1447.400000000;55;9463951814;S
20240125;101133;1447.400000000;25;9463951815;S
20240125;101133;1447.400000000;13;9463951816;S
20240125;101133;1447.200000000;55;9463951817;S
20240125;101133;1447.200000000;59;9463951818;S
20240125;101133;1447.200000000;138;9463951819;S
20240125;101133;1447.000000000;1;9463951820;S
20240125;101133;1447.000000000;9;9463951821;S
20240125;101133;1447.000000000;55;9463951822;S
20240125;101133;1447.000000000;50;9463951823;S
20240125;101133;1446.800000000;358;9463951824;S
20240125;101135;1448.200000000;15;9463952132;B
20240125;101136;1447.600000000;1;9463952312;S
20240125;101137;1448.200000000;3;9463952405;B
20240125;101138;1448.200000000;1;9463952489;B
20240125;101147;1447.600000000;6;9463953642;S
20240125;101151;1447.200000000;10;9463954240;S
20240125;101154;1447.800000000;1;9463954785;B
20240125;101214;1447.200000000;11;9463957535;S
20240125;101229;1447.400000000;1;9463959648;S
20240125;101229;1447.600000000;5;9463959659;B
20240125;101233;1447.600000000;7;9463960327;B
20240125;101240;1447.400000000;100;9463961096;S
20240125;101240;1447.600000000;1;9463961104;B
20240125;101242;1447.400000000;24;9463961371;S
20240125;101242;1447.400000000;76;9463961372;S
20240125;101246;1447.600000000;1;9463961861;B
20240125;101248;1447.600000000;1;9463962048;B
20240125;101248;1447.600000000;1;9463962128;B
20240125;101256;1447.400000000;1;9463963429;S
20240125;101301;1447.400000000;37;9463964213;S
20240125;101301;1447.400000000;1;9463964214;S
20240125;101301;1447.400000000;4;9463964215;S
20240125;101301;1447.400000000;4;9463964216;S
20240125;101306;1447.400000000;20;9463964745;B
20240125;101311;1447.200000000;1;9463965504;S
20240125;101317;1447.200000000;7;9463966362;S
20240125;101317;1447.200000000;1;9463966363;S
20240125;101317;1447.200000000;2;9463966364;S
20240125;101319;1447.200000000;2;9463966547;S
20240125;101322;1447.200000000;5;9463967000;S
20240125;101325;1447.400000000;1;9463967317;B
20240125;101329;1447.200000000;1;9463967928;S
20240125;101329;1447.200000000;26;9463967929;S
20240125;101331;1447.400000000;20;9463968191;B
20240125;101332;1447.400000000;3;9463968280;B
20240125;101333;1447.200000000;1;9463968560;S
20240125;101336;1447.400000000;9;9463969006;B
20240125;101337;1447.400000000;1;9463969123;B
20240125;101338;1447.200000000;1;9463969269;S
20240125;101339;1447.200000000;80;9463969370;S
20240125;101339;1447.200000000;1;9463969371;S
20240125;101340;1447.200000000;1;9463969533;S
20240125;101348;1447.200000000;2;9463971254;S
20240125;101350;1447.400000000;50;9463971683;B
20240125;101352;1447.400000000;2;9463971931;B
20240125;101353;1447.400000000;1;9463972062;B
20240125;101357;1447.400000000;2;9463972499;B
20240125;101359;1447.200000000;1;9463972735;S
20240125;101406;1447.400000000;5;9463973549;B
20240125;101406;1447.400000000;1;9463973579;B
20240125;101407;1447.200000000;1;9463973774;S
20240125;101410;1447.200000000;1;9463974055;S
20240125;101412;1447.400000000;5;9463974268;B
20240125;101419;1447.400000000;1;9463975112;B
20240125;101422;1447.400000000;40;9463975471;B
20240125;101427;1447.400000000;1;9463976039;B
20240125;101427;1447.400000000;1;9463976106;B
20240125;101428;1447.400000000;1;9463976206;B
20240125;101429;1447.200000000;7;9463976324;S
20240125;101439;1447.400000000;2;9463977424;B
20240125;101451;1447.400000000;88;9463978670;B
20240125;101451;1447.400000000;1;9463978671;B
20240125;101451;1447.400000000;3;9463978672;B
20240125;101451;1447.400000000;1;9463978691;B
20240125;101452;1447.400000000;1;9463978791;B
20240125;101452;1447.400000000;1;9463978882;B
20240125;101452;1447.400000000;3;9463978883;B
20240125;101452;1447.400000000;12;9463978884;B
20240125;101452;1447.400000000;1;9463978885;B
20240125;101452;1447.400000000;1;9463978886;B
20240125;101452;1447.400000000;1;9463978887;B
20240125;101452;1447.600000000;3;9463978888;B
20240125;101452;1447.600000000;2;9463978889;B
20240125;101452;1447.800000000;23;9463978890;B
20240125;101452;1447.800000000;194;9463978891;B
20240125;101452;1447.800000000;9;9463978892;B
20240125;101453;1447.400000000;6;9463978935;S
20240125;101503;1447.600000000;1;9463980579;B
20240125;101503;1447.400000000;1;9463980667;S
20240125;101505;1447.400000000;4;9463980924;S
20240125;101507;1447.600000000;9;9463981170;B
20240125;101507;1447.800000000;91;9463981171;B
20240125;101507;1447.800000000;25;9463981172;B
20240125;101507;1448.000000000;3;9463981173;B
20240125;101507;1448.000000000;122;9463981174;B
20240125;101507;1447.600000000;2;9463981228;S
20240125;101516;1447.600000000;10;9463982674;S
20240125;101517;1447.800000000;22;9463982724;B
20240125;101519;1447.600000000;1;9463983180;S
20240125;101519;1447.400000000;79;9463983181;S
20240125;101522;1447.800000000;3;9463983816;B
20240125;101522;1448.000000000;247;9463983817;B
20240125;101522;1447.600000000;40;9463984009;S
20240125;101524;1447.600000000;1;9463984233;S
20240125;101524;1447.600000000;35;9463984273;S
20240125;101524;1448.000000000;152;9463984319;B
20240125;101526;1448.000000000;7;9463984715;B
20240125;101528;1447.600000000;9;9463984951;S
20240125;101528;1448.000000000;1;9463984991;B
20240125;101529;1448.000000000;5;9463985159;B
20240125;101532;1448.000000000;3;9463985636;B
20240125;101537;1448.000000000;22;9463986489;B
20240125;101538;1448.000000000;300;9463986839;B
20240125;101539;1448.000000000;141;9463986998;B
