<DATE>;<TIME>;<LAST>;<VOL>;<ID>;<OPER>
20240416;095938;1305.2;7;10131411272;S
20240416;095938;1305.2;14;10131411273;S
20240416;095938;1305.2;6;10131411274;S
20240416;095938;1305.2;12;10131411275;S
20240416;095938;1305.2;8;10131411276;S
20240416;095938;1305.2;76;10131411277;S
20240416;095938;1305.2;4;10131411278;S
20240416;095938;1305.2;1;10131411279;S
20240416;095938;1305.2;1;10131411280;S
20240416;095938;1305.2;1;10131411281;B
20240416;095938;1305.2;1;10131411282;S
20240416;095938;1305.2;5;10131411283;S
20240416;095938;1305.2;2;10131411284;S
20240416;095938;1305.2;7;10131411285;S
20240416;095938;1305.2;8;10131411286;S
20240416;095938;1305.2;1;10131411287;S
20240416;095938;1305.2;38;10131411288;S
20240416;095938;1305.2;1;10131411289;S
20240416;095938;1305.2;70;10131411290;S
20240416;095938;1305.2;1;10131411291;S
20240416;095938;1305.2;2;10131411292;B
20240416;095938;1305.2;1;10131411293;B
20240416;095938;1305.2;30;10131411294;S
20240416;095938;1305.2;1;10131411295;B
20240416;095938;1305.2;150;10131411296;S
20240416;095938;1305.2;73;10131411297;S
20240416;095938;1305.2;1;10131411298;S
20240416;095938;1305.2;9;10131411299;S
20240416;095938;1305.2;2;10131411300;S
20240416;095938;1305.2;1;10131411301;S
20240416;095938;1305.2;30;10131411302;S
20240416;095938;1305.2;2;10131411303;S
20240416;095938;1305.2;1;10131411304;S
20240416;095938;1305.2;15;10131411305;S
20240416;095938;1305.2;30;10131411306;S
20240416;095938;1305.2;3;10131411307;B
20240416;095938;1305.2;100;10131411308;B
20240416;095938;1305.2;19;10131411309;B
20240416;095938;1305.2;1;10131411310;B
20240416;095938;1305.2;2;10131411311;B
20240416;095938;1305.2;2;10131411312;B
20240416;095938;1305.2;1;10131411313;B
20240416;095938;1305.2;10;10131411314;B
20240416;095938;1305.2;3;10131411315;B
20240416;095938;1305.2;3;10131411316;B
20240416;095938;1305.2;1;10131411317;B
20240416;095938;1305.2;4;10131411318;B
20240416;095938;1305.2;2;10131411319;B
20240416;095938;1305.2;5;10131411320;B
20240416;095938;1305.2;3;10131411321;B
20240416;095938;1305.2;1;10131411322;B
20240416;095938;1305.2;8;10131411323;B
20240416;095938;1305.2;10;10131411324;S
20240416;095938;1305.2;2;10131411325;B
20240416;095938;1305.2;9;10131411326;B
20240416;095938;1305.2;15;10131411327;B
20240416;095938;1305.2;77;10131411328;S
20240416;095938;1305.2;1;10131411329;S
20240416;095938;1305.2;1;10131411330;B
20240416;095938;1305.2;1;10131411331;S
20240416;095938;1305.2;1;10131411332;B
20240416;095938;1305.2;1;10131411333;S
20240416;095938;1305.2;1;10131411334;B
20240416;095938;1305.2;1;10131411335;S
20240416;095938;1305.2;1;10131411336;S
20240416;095938;1305.2;20;10131411337;S
20240416;095938;1305.2;895;10131411338;S
20240416;095938;1305.2;4;10131411339;S
20240416;095938;1305.2;1;10131411340;S
20240416;100000;1305;15;10131417448;S
20240416;100000;1304.6;30;10131417556;B
20240416;100000;1304.6;10;10131417586;B
20240416;100000;1304.6;50;10131417668;B
20240416;100000;1304.4;60;10131417738;S
20240416;100000;1304.4;240;10131417739;S
20240416;100000;1304.4;3;10131417740;S
20240416;100000;1304.4;19;10131417741;S
20240416;100000;1304.4;64;10131417902;S
20240416;100000;1304.4;3;10131417903;S
20240416;100000;1304.4;4;10131417904;S
20240416;100000;1304.4;2;10131417905;S
20240416;100000;1304.4;4;10131417906;S
20240416;100000;1304.4;1;10131417907;S
20240416;100000;1304.4;1;10131417908;S
20240416;100000;1304.4;1;10131417909;S
20240416;100000;1304.4;3;10131417910;S
20240416;100000;1304.4;2;10131417911;S
20240416;100000;1304.4;2;10131417912;S
20240416;100000;1304.4;1;10131417913;S
20240416;100000;1304;3;10131418057;B
20240416;100001;1304;3;10131418564;B
20240416;100001;1303.4;12;10131418726;S
20240416;100001;1303.2;3;10131418727;S
20240416;100001;1303.6;12;10131418846;B
20240416;100001;1303.8;93;10131418847;B
20240416;100001;1304;40;10131418848;B
20240416;100001;1304;1;10131418849;B
20240416;100001;1304;54;10131418850;B
20240416;100002;1303.2;9;10131419646;S
20240416;100005;1303.4;2;10131421607;B
20240416;100005;1303.6;1;10131421608;B
20240416;100005;1303.6;1;10131421931;B
20240416;100005;1303.6;49;10131421934;B
20240416;100005;1303.6;3;10131422239;B
20240416;100005;1303;1;10131422240;S
20240416;100005;1303.6;10;10131422599;B
20240416;100005;1303.6;20;10131422601;B
20240416;100006;1303.2;93;10131423122;B
20240416;100006;1303.2;7;10131423123;B
20240416;100006;1303.2;20;10131423351;B
20240416;100006;1303.6;56;10131423352;B
20240416;100007;1303.6;1;10131423526;B
20240416;100007;1303.6;1;10131423752;B
20240416;100007;1303.6;106;10131423753;B
20240416;100007;1303.6;1;10131423917;B
20240416;100007;1303.6;10;10131423919;B
20240416;100007;1303.6;24;10131424087;S
20240416;100007;1303.8;8;10131424189;B
20240416;100007;1303.6;1;10131424441;S
20240416;100007;1303.8;1;10131424533;B
20240416;100007;1304;12;10131424534;B
20240416;100007;1304;58;10131424535;B
20240416;100007;1304.2;9;10131424536;B
20240416;100007;1303.6;2;10131424745;S
20240416;100007;1304.2;5;10131424803;B
20240416;100008;1304;1;10131425164;B
20240416;100008;1304;1;10131425173;B
20240416;100008;1303.6;67;10131425176;S
20240416;100008;1303.6;12;10131425177;S
20240416;100008;1303.2;1;10131425178;S
20240416;100008;1303.6;1;10131425719;B
20240416;100008;1303.2;13;10131426086;S
20240416;100008;1303.8;3;10131426160;B
20240416;100008;1303.8;9;10131426340;B
20240416;100008;1303.8;88;10131426341;B
20240416;100008;1304;3;10131426342;B
20240416;100009;1303.8;6;10131426955;B
20240416;100009;1304.2;4;10131426956;B
20240416;100009;1303.6;1;10131426957;S
20240416;100009;1303.6;2;10131427058;S
20240416;100010;1304;3;10131427245;B
20240416;100010;1304;85;10131427427;B
20240416;100010;1304.2;90;10131427428;B
20240416;100010;1304;1;10131427457;S
20240416;100010;1304.2;3;10131427527;B
20240416;100010;1304.2;2;10131427717;B
20240416;100010;1304.2;1;10131427753;B
20240416;100010;1304.2;7;10131427798;B
20240416;100011;1304;3;10131427874;S
20240416;100011;1304;12;10131427968;S
20240416;100011;1304.2;1;10131427970;B
20240416;100011;1304;38;10131428000;S
20240416;100011;1304;1;10131428236;S
20240416;100012;1304.2;13;10131428315;B
20240416;100012;1304.2;5;10131428316;B
20240416;100012;1304.2;2;10131428337;B
20240416;100012;1304;150;10131428369;S
20240416;100012;1304.2;1;10131428413;B
20240416;100013;1303.8;6;10131429033;S
20240416;100014;1304;45;10131429249;B
20240416;100014;1304.2;33;10131429250;B
20240416;100014;1304.4;5;10131429549;B
20240416;100014;1304.6;28;10131429550;B
20240416;100014;1304.6;18;10131429551;B
20240416;100015;1304.2;2;10131429832;S
20240416;100016;1304.6;3;10131429877;B
20240416;100017;1304.6;3;10131430249;B
20240416;100020;1304.6;2;10131430896;B
20240416;100022;1304.2;25;10131431519;S
20240416;100022;1304.4;17;10131431543;B
20240416;100022;1304.6;23;10131431544;B
20240416;100023;1304.6;68;10131431607;B
20240416;100023;1304.8;8;10131431608;B
20240416;100023;1304.8;22;10131431609;B
20240416;100023;1304.8;5;10131431610;B
20240416;100023;1304.8;7;10131431611;B
20240416;100023;1304.2;31;10131431730;S
20240416;100023;1304;19;10131431731;S
20240416;100024;1304.4;11;10131431987;B
20240416;100025;1304.2;36;10131432178;S
20240416;100025;1304.2;20;10131432337;B
20240416;100026;1304;3;10131432440;S
20240416;100027;1304.2;10;10131432621;B
20240416;100027;1304;4;10131432730;S
20240416;100028;1304.2;1;10131432926;B
20240416;100028;1304.2;1;10131432961;B
20240416;100030;1304;1;10131433421;S
20240416;100031;1304.2;82;10131433708;B
20240416;100031;1304.4;8;10131433709;B
20240416;100032;1304.4;1;10131433902;B
20240416;100032;1304.4;10;10131433943;B
20240416;100033;1303.8;1;10131434333;S
20240416;100033;1303.8;12;10131434334;S
20240416;100033;1303.6;143;10131434335;S
20240416;100034;1303.8;1;10131434823;B
20240416;100035;1303.8;4;10131435182;B
20240416;100036;1303.6;148;10131435282;S
20240416;100036;1303.2;12;10131435283;S
20240416;100036;1303.2;442;10131435284;S
20240416;100036;1303;2;10131435285;S
20240416;100036;1303;1;10131435286;S
20240416;100036;1303;60;10131435287;S
20240416;100036;1302.8;5;10131435288;S
20240416;100036;1302.8;20;10131435289;S
20240416;100036;1302.8;110;10131435290;S
20240416;100036;1302.8;91;10131435291;S
20240416;100036;1302.8;200;10131435292;S
20240416;100036;1302.6;3;10131435293;S
20240416;100036;1302.6;40;10131435294;S
20240416;100036;1302.6;40;10131435295;S
20240416;100036;1302.6;48;10131435296;S
20240416;100041;1303;2;10131437085;B
20240416;100046;1303;10;10131439182;B
20240416;100047;1303.2;2;10131439497;B
20240416;100050;1303.2;1;10131440184;B
20240416;100050;1303.2;9;10131440257;B
20240416;100050;1303.2;1;10131440258;B
20240416;100051;1303.2;1;10131440467;B
20240416;100051;1302.6;1;10131440577;S
20240416;100051;1303.2;11;10131440661;B
20240416;100051;1303.4;47;10131440662;B
20240416;100051;1303.6;42;10131440663;B
20240416;100056;1303;7;10131441791;S
20240416;100056;1303;20;10131441792;S
20240416;100056;1303;20;10131441904;B
20240416;100057;1302.8;1;10131442152;S
20240416;100100;1302.8;18;10131442812;S
20240416;100100;1303;1;10131442829;B
20240416;100102;1302.6;4;10131443452;S
20240416;100104;1303;2;10131444114;B
20240416;100105;1302.6;50;10131444278;S
20240416;100105;1302.6;138;10131444279;S
20240416;100105;1302.6;12;10131444280;S
20240416;100105;1302.4;2;10131444281;S
20240416;100105;1302.4;2;10131444282;S
20240416;100105;1302.4;110;10131444283;S
20240416;100105;1302.4;91;10131444284;S
20240416;100105;1302.4;60;10131444285;S
20240416;100105;1302.4;19;10131444286;S
20240416;100105;1302.2;111;10131444287;S
20240416;100105;1302.2;91;10131444288;S
20240416;100105;1302;10;10131444289;S
20240416;100105;1302;3;10131444290;S
20240416;100105;1302;1;10131444291;S
20240416;100105;1302;1;10131444292;S
20240416;100105;1302;2;10131444293;S
20240416;100105;1302;15;10131444294;S
20240416;100105;1302;106;10131444295;S
20240416;100105;1302;91;10131444296;S
20240416;100105;1301.8;5;10131444297;S
20240416;100105;1301.8;1;10131444298;S
20240416;100105;1301.8;113;10131444299;S
20240416;100105;1301.8;40;10131444300;S
20240416;100105;1301.6;15;10131444301;S
20240416;100105;1301.6;5;10131444302;S
20240416;100105;1301.6;110;10131444303;S
20240416;100105;1301.4;25;10131444304;S
20240416;100105;1301.4;104;10131444305;S
20240416;100105;1301.4;98;10131444306;S
20240416;100105;1301.4;108;10131444307;S
20240416;100105;1301.4;1;10131444308;S
20240416;100105;1301.2;1;10131444309;S
20240416;100105;1301.2;10;10131444310;S
20240416;100105;1301.2;1;10131444311;S
20240416;100105;1301.2;1;10131444312;S
20240416;100105;1301.2;4;10131444313;S
20240416;100105;1301.2;10;10131444314;S
20240416;100105;1301.2;6;10131444315;S
20240416;100105;1301.2;39;10131444316;S
20240416;100105;1301.2;1;10131444317;S
20240416;100105;1301.2;20;10131444318;S
20240416;100105;1301.2;10;10131444319;S
20240416;100105;1301.2;29;10131444320;S
20240416;100105;1301.2;328;10131444321;S
20240416;100105;1302;60;10131444326;B
20240416;100105;1302;12;10131444327;B
20240416;100106;1302.4;6;10131444542;B
20240416;100108;1302.4;23;10131444880;B
20240416;100108;1302.6;60;10131444881;B
20240416;100108;1302.6;17;10131444882;B
20240416;100109;1302;1;10131445147;B
20240416;100117;1302;69;10131446837;B
20240416;100117;1302;22;10131446838;B
20240416;100117;1302;38;10131446839;B
20240416;100120;1302.6;60;10131447407;S
20240416;100120;1302.4;18;10131447408;S
20240416;100120;1302.2;12;10131447409;S
20240416;100120;1302.2;93;10131447410;S
20240416;100120;1302;371;10131447411;S
20240416;100120;1302;138;10131447412;S
20240416;100120;1302;92;10131447413;S
20240416;100120;1301.8;1;10131447414;S
20240416;100120;1301.8;92;10131447415;S
20240416;100120;1301.6;92;10131447416;S
20240416;100120;1301.4;1;10131447417;S
20240416;100120;1301.4;96;10131447418;S
20240416;100120;1301.2;223;10131447419;S
20240416;100120;1301.2;1;10131447420;S
20240416;100120;1301.2;99;10131447421;S
20240416;100120;1301.2;96;10131447422;S
20240416;100120;1301;1;10131447423;S
20240416;100120;1301;1;10131447424;S
20240416;100120;1301;2;10131447425;S
20240416;100120;1301;17;10131447426;S
20240416;100120;1301;2;10131447427;S
20240416;100120;1301;2;10131447428;S
20240416;100120;1301;5;10131447429;S
20240416;100120;1301;1;10131447430;S
20240416;100120;1301;1;10131447431;S
20240416;100120;1301;2;10131447432;S
20240416;100120;1301;5;10131447433;S
20240416;100120;1301;4;10131447434;S
20240416;100120;1301;1;10131447435;S
20240416;100120;1301;1;10131447436;S
20240416;100120;1301;1;10131447437;S
20240416;100120;1301;1;10131447438;S
20240416;100120;1301;2;10131447439;S
20240416;100120;1301;120;10131447440;S
20240416;100120;1301;1;10131447441;S
20240416;100120;1301;1;10131447442;S
20240416;100120;1301;10;10131447443;S
20240416;100120;1301;4;10131447444;S
20240416;100120;1301;2;10131447445;S
20240416;100120;1301;1;10131447446;S
20240416;100120;1301;727;10131447447;S
20240416;100127;1302;12;10131448786;B
20240416;100127;1302;50;10131448787;B
20240416;100127;1302.4;20;10131448788;B
20240416;100127;1302.4;18;10131448789;B
20240416;100127;1302.6;10;10131448884;B
20240416;100129;1302;6;10131449229;S
20240416;100130;1302;12;10131449472;S
20240416;100132;1302;16;10131450010;S
20240416;100139;1302.2;6;10131451409;B
20240416;100146;1302.2;1;10131452680;B
20240416;100149;1302;16;10131453160;S
20240416;100149;1302;56;10131453161;S
20240416;100149;1302;12;10131453162;S
20240416;100151;1302.2;9;10131453551;B
20240416;100151;1302.2;22;10131453552;B
20240416;100153;1302;32;10131453910;S
20240416;100153;1302;1;10131453911;S
20240416;100153;1302;1;10131453912;S
20240416;100153;1302;1;10131453913;S
20240416;100153;1302;33;10131453914;S
20240416;100155;1301.8;1;10131454367;B
20240416;100156;1301.8;2;10131454538;B
20240416;100157;1301.8;3;10131454936;B
20240416;100158;1301.8;8;10131455284;B
20240416;100200;1301.8;40;10131455758;B
20240416;100202;1301.8;1;10131456115;B
20240416;100204;1301.6;3;10131456585;S
20240416;100204;1301.8;20;10131456712;B
20240416;100204;1301.8;16;10131456836;B
20240416;100204;1301.8;14;10131456837;B
20240416;100212;1302;332;10131458596;B
20240416;100212;1302;75;10131458597;B
20240416;100212;1302;50;10131458598;B
20240416;100212;1302;20;10131458599;B
20240416;100212;1302.4;60;10131458600;B
20240416;100212;1302.8;196;10131458601;B
20240416;100214;1303;5;10131458977;B
20240416;100214;1303;11;10131458978;B
20240416;100216;1302.8;7;10131459600;S
20240416;100221;1302.8;8;10131461063;S
20240416;100222;1303;1;10131461236;B
20240416;100224;1302.8;45;10131461496;S
20240416;100224;1302.8;60;10131461497;S
20240416;100225;1302.8;1;10131461808;B
20240416;100225;1302.4;20;10131461880;S
20240416;100225;1302.4;60;10131461881;S
20240416;100225;1302.4;20;10131461882;S
20240416;100225;1302;81;10131461883;S
20240416;100226;1302.8;2;10131462220;B
20240416;100229;1302.4;50;10131462998;S
20240416;100230;1302.8;3;10131463211;B
20240416;100232;1302.8;2;10131463596;B
20240416;100232;1302.8;87;10131463625;B
20240416;100232;1303;38;10131463626;B
20240416;100232;1303;20;10131463627;B
20240416;100237;1302.8;1;10131464525;B
20240416;100239;1302.8;1;10131465039;B
20240416;100245;1302.8;1;10131466000;B
20240416;100245;1302.8;1;10131466001;B
20240416;100245;1302.6;10;10131466059;S
20240416;100245;1302.6;10;10131466085;S
20240416;100245;1302.8;5;10131466092;B
20240416;100245;1302.6;6;10131466103;S
20240416;100245;1302.6;1;10131466114;S
20240416;100246;1302.8;1;10131466194;B
20240416;100246;1303;117;10131466195;B
20240416;100249;1302.8;1;10131466778;S
20240416;100249;1302.8;60;10131466779;S
20240416;100249;1302.6;14;10131466780;S
20240416;100251;1302.8;40;10131467309;B
20240416;100253;1303;1;10131467527;B
20240416;100254;1302.8;40;10131467738;S
20240416;100254;1302.8;60;10131467739;S
20240416;100254;1302.6;22;10131467740;S
20240416;100254;1302.4;12;10131467741;S
20240416;100254;1302.2;100;10131467742;S
20240416;100254;1302.2;161;10131467743;S
20240416;100254;1302.8;1;10131467859;B
20240416;100256;1302.8;20;10131468131;B
20240416;100257;1302.8;10;10131468328;B
20240416;100258;1302.8;2;10131468456;B
20240416;100301;1302.6;6;10131469034;S
20240416;100301;1302.6;60;10131469035;S
20240416;100302;1302.2;4;10131469407;B
20240416;100307;1302.2;15;10131470280;B
20240416;100309;1302;1;10131470707;S
20240416;100309;1302;3;10131470708;S
20240416;100309;1302;10;10131470709;S
20240416;100309;1302;60;10131470710;S
20240416;100309;1302;1;10131470711;S
20240416;100309;1301.8;160;10131470712;S
20240416;100309;1301.8;1;10131470713;S
20240416;100309;1301.8;22;10131470714;S
20240416;100309;1301.6;2;10131470715;S
20240416;100309;1301.6;1;10131470716;S
20240416;100309;1301.6;35;10131470717;S
20240416;100309;1301.6;33;10131470718;S
20240416;100311;1301.6;4;10131470960;B
20240416;100315;1301.6;3;10131471733;B
20240416;100317;1301.4;1;10131472052;S
20240416;100317;1301.4;1;10131472053;S
20240416;100317;1301.4;1;10131472054;S
20240416;100317;1301.4;24;10131472055;S
20240416;100317;1301.4;60;10131472056;S
20240416;100317;1301.4;22;10131472057;S
20240416;100317;1301.4;138;10131472058;S
20240416;100317;1301.2;1;10131472059;S
20240416;100317;1301.2;1;10131472060;S
20240416;100317;1301.2;1;10131472061;S
20240416;100317;1301.2;92;10131472062;S
20240416;100317;1301.2;90;10131472063;S
20240416;100317;1301;468;10131472064;S
20240416;100317;1301.4;4;10131472088;B
20240416;100326;1301;106;10131473442;S
20240416;100326;1301.2;1;10131473445;B
20240416;100326;1301;1;10131473515;S
20240416;100327;1301.2;3;10131473557;B
20240416;100327;1301.2;4;10131473559;B
20240416;100332;1301.2;30;10131474406;B
20240416;100333;1301.2;18;10131474616;B
20240416;100333;1301.2;82;10131474617;B
20240416;100333;1301.2;2;10131474653;B
20240416;100334;1301;1;10131474787;S
20240416;100338;1301.2;1;10131475324;B
20240416;100339;1301;6;10131475518;S
20240416;100341;1301.2;23;10131475700;B
20240416;100343;1301.2;27;10131475948;S
20240416;100343;1301.2;27;10131475949;S
20240416;100343;1301.4;10;10131475950;B
20240416;100345;1301.4;3;10131476278;B
20240416;100346;1301.4;1;10131476447;B
20240416;100347;1301.2;30;10131476622;S
20240416;100347;1301.4;36;10131476624;B
20240416;100350;1301.4;3;10131477015;B
20240416;100351;1301.4;4;10131477191;B
20240416;100351;1301.2;7;10131477288;S
20240416;100351;1301.6;1;10131477289;B
20240416;100355;1301.4;10;10131477925;S
20240416;100355;1301.4;22;10131477926;S
20240416;100357;1301.4;1;10131478324;B
20240416;100358;1301.4;1;10131478450;B
20240416;100358;1301.4;35;10131478529;S
20240416;100358;1301.2;10;10131478530;S
20240416;100358;1301.2;30;10131478531;S
20240416;100358;1301.4;75;10131478660;S
20240416;100358;1301.2;2;10131478733;S
20240416;100358;1301.2;5;10131478734;S
20240416;100358;1301.2;68;10131478735;S
20240416;100359;1301.2;10;10131478786;S
20240416;100359;1301.2;3;10131478787;S
20240416;100359;1301;62;10131478788;S
20240416;100400;1301.4;60;10131478945;B
20240416;100400;1301.6;11;10131478946;B
20240416;100400;1301.6;29;10131478947;B
20240416;100400;1301.2;30;10131478995;S
20240416;100400;1301;129;10131478996;S
20240416;100400;1301;1;10131478997;S
20240416;100400;1301;50;10131478998;S
20240416;100400;1301;1;10131478999;S
20240416;100400;1301;10;10131479000;S
20240416;100400;1301;1;10131479001;S
20240416;100400;1301;2;10131479002;S
20240416;100400;1301;2;10131479003;S
20240416;100400;1301;574;10131479004;S
20240416;100402;1301.4;1;10131479674;B
20240416;100402;1301.4;1;10131479750;B
20240416;100402;1301.4;1;10131479763;B
20240416;100402;1301.4;57;10131479823;B
20240416;100402;1301.6;33;10131479824;B
20240416;100404;1301.2;93;10131480036;S
20240416;100404;1301.2;40;10131480037;S
20240416;100404;1301;47;10131480038;S
20240416;100406;1301.4;10;10131480496;S
20240416;100406;1301.2;28;10131480497;S
20240416;100406;1301.4;100;10131480499;B
20240416;100406;1301.4;54;10131480500;B
20240416;100406;1301.4;46;10131480501;B
20240416;100406;1301.6;1;10131480520;B
20240416;100410;1301.6;2;10131481388;B
20240416;100415;1301.6;2;10131482651;B
20240416;100418;1301.6;10;10131483243;B
20240416;100420;1301.6;1;10131483754;B
20240416;100420;1301.6;48;10131483755;B
20240416;100422;1301.4;1;10131484099;S
20240416;100422;1301.4;41;10131484100;S
20240416;100422;1301.4;8;10131484101;S
20240416;100422;1301.6;10;10131484116;B
20240416;100422;1301.4;10;10131484123;S
20240416;100423;1301.4;100;10131484222;B
20240416;100428;1301.2;32;10131485154;S
20240416;100428;1301.2;1;10131485155;S
20240416;100428;1301.2;42;10131485156;S
20240416;100428;1301.2;75;10131485203;S
20240416;100428;1301.2;21;10131485257;S
20240416;100428;1301.2;54;10131485258;S
20240416;100428;1301.4;20;10131485260;B
20240416;100428;1301.4;80;10131485261;B
20240416;100433;1301.4;1;10131486096;B
20240416;100437;1301.4;4;10131486923;B
20240416;100440;1301.4;1;10131487473;S
20240416;100443;1301.4;10;10131488009;S
20240416;100445;1301.4;147;10131488408;S
20240416;100445;1301.4;43;10131488409;S
20240416;100445;1301.4;138;10131488410;S
20240416;100445;1301.4;4;10131488411;S
20240416;100445;1301.4;67;10131488412;S
20240416;100446;1301.6;1;10131488602;B
20240416;100447;1301.6;1;10131489049;B
20240416;100451;1301.6;10;10131489769;B
20240416;100452;1301.6;2;10131490054;B
20240416;100456;1301.6;20;10131490884;B
20240416;100456;1301.6;1;10131490911;B
20240416;100459;1301.6;1;10131491659;B
20240416;100504;1301.4;1;10131492575;S
20240416;100504;1301.4;46;10131492576;S
20240416;100504;1301.4;319;10131492577;S
20240416;100505;1301.4;50;10131492884;S
20240416;100506;1301.6;30;10131492905;B
20240416;100508;1301.6;10;10131493324;B
20240416;100508;1301.6;2;10131493334;B
20240416;100508;1301.4;2;10131493378;S
20240416;100508;1301.6;3;10131493409;B
20240416;100509;1301.4;4;10131493506;S
20240416;100512;1301.6;100;10131494028;B
20240416;100513;1301.6;1;10131494148;B
20240416;100515;1301.4;9;10131494526;S
20240416;100515;1301.4;4;10131494527;S
20240416;100515;1301.4;1;10131494528;S
20240416;100515;1301.4;13;10131494529;S
20240416;100516;1301.4;23;10131494673;B
20240416;100516;1301.4;60;10131494674;B
20240416;100516;1301.4;17;10131494675;B
20240416;100518;1301.4;2;10131495000;B
20240416;100518;1301.4;10;10131495040;B
20240416;100520;1301.4;1;10131495381;B
20240416;100522;1301.6;10;10131495851;B
20240416;100523;1301.6;20;10131496037;B
20240416;100524;1301.6;3;10131496195;B
20240416;100526;1301.6;3;10131496550;B
20240416;100530;1301.4;7;10131497512;S
20240416;100539;1301.4;20;10131499063;S
20240416;100539;1301.4;2;10131499064;S
20240416;100539;1301.4;3;10131499065;S
20240416;100539;1301.4;10;10131499086;B
20240416;100540;1301.4;15;10131499235;B
20240416;100541;1301.4;1;10131499367;B
20240416;100544;1301.4;1;10131499687;B
20240416;100546;1301.2;2;10131500198;S
20240416;100547;1301.4;2;10131500364;B
20240416;100552;1301.4;50;10131501259;B
20240416;100552;1301.2;1;10131501263;S
20240416;100553;1301.4;3;10131501565;B
20240416;100557;1301.2;25;10131502701;S
20240416;100601;1301.2;2;10131503496;S
20240416;100601;1301.2;3;10131503497;S
20240416;100602;1301.4;1;10131503720;B
20240416;100608;1301.4;1;10131505084;B
20240416;100611;1301.4;10;10131505677;B
20240416;100612;1301.4;1;10131505792;B
20240416;100612;1301.4;132;10131505811;B
20240416;100616;1301.4;1;10131506558;B
20240416;100617;1301.2;20;10131506798;S
20240416;100620;1301.2;2;10131507270;S
20240416;100620;1301.2;5;10131507271;S
20240416;100620;1301.2;1;10131507272;S
20240416;100620;1301.2;1;10131507273;S
20240416;100620;1301.2;5;10131507274;S
20240416;100620;1301.2;2;10131507275;S
20240416;100620;1301.4;1;10131507352;B
20240416;100622;1301.2;13;10131507654;S
20240416;100622;1301.2;5;10131507655;S
20240416;100622;1301.2;40;10131507701;S
20240416;100622;1301.2;154;10131507702;S
20240416;100622;1301.2;1;10131507703;S
20240416;100622;1301.2;1;10131507704;S
20240416;100622;1301.2;1;10131507705;S
20240416;100622;1301.2;1;10131507706;S
20240416;100622;1301;1;10131507707;S
20240416;100622;1301;1;10131507708;S
20240416;100622;1301.2;154;10131507739;S
20240416;100626;1301.2;1;10131508450;B
20240416;100626;1301;1000;10131508573;S
20240416;100630;1301.2;2;10131509303;B
20240416;100633;1301.2;2;10131509791;B
20240416;100634;1301;1;10131509882;S
20240416;100635;1301.2;60;10131510189;B
20240416;100636;1301.2;1;10131510280;B
20240416;100640;1301.2;1;10131510960;B
20240416;100640;1301;50;10131510975;S
20240416;100641;1301.2;10;10131511104;B
20240416;100641;1301;1;10131511132;S
20240416;100644;1301.2;1;10131511876;B
20240416;100644;1301;23;10131512161;S
20240416;100648;1301;7;10131512888;S
20240416;100651;1301;505;10131513295;S
20240416;100651;1301;412;10131513296;S
20240416;100651;1301;15;10131513297;S
20240416;100651;1301;1;10131513298;S
20240416;100651;1301;12;10131513299;S
20240416;100651;1301;1;10131513300;S
20240416;100651;1301;1;10131513301;S
20240416;100651;1301;1;10131513302;S
20240416;100651;1301;32;10131513303;S
20240416;100651;1301;2;10131513304;S
20240416;100651;1301;10;10131513305;S
20240416;100651;1301;8;10131513306;S
20240416;100651;1301;2;10131513307;S
20240416;100651;1301;1;10131513308;S
20240416;100651;1301;15;10131513309;S
20240416;100651;1301;7;10131513310;S
20240416;100651;1301;6;10131513311;S
20240416;100651;1301;3;10131513312;S
20240416;100651;1301;1;10131513313;S
20240416;100651;1301;7;10131513314;S
20240416;100651;1301;11;10131513315;S
20240416;100651;1301;139;10131513317;S
20240416;100651;1301;4;10131513318;S
20240416;100651;1301;1;10131513319;S
20240416;100651;1301;1;10131513320;S
20240416;100651;1301;1;10131513321;S
20240416;100651;1301;2;10131513322;S
20240416;100651;1301;25;10131513323;S
20240416;100651;1301;1;10131513324;S
20240416;100651;1301;4;10131513325;S
20240416;100651;1301;4;10131513326;S
20240416;100651;1301;8;10131513327;S
20240416;100651;1301;5;10131513328;S
20240416;100651;1301;1;10131513329;S
20240416;100651;1301;2;10131513330;S
20240416;100651;1301;8;10131513331;S
20240416;100651;1301;1;10131513332;S
20240416;100651;1301;11;10131513333;S
20240416;100651;1301;5;10131513334;S
20240416;100651;1301;25;10131513335;S
20240416;100651;1301;10;10131513336;S
20240416;100651;1301;1;10131513337;S
20240416;100651;1301;238;10131513338;S
20240416;100651;1301;1;10131513339;S
20240416;100651;1301;776;10131513340;S
20240416;100651;1301;24;10131513341;S
20240416;100651;1301;46;10131513342;S
20240416;100651;1301;154;10131513344;S
20240416;100651;1301;10;10131513345;S
20240416;100651;1301;2;10131513346;S
20240416;100651;1300.8;5;10131513347;S
20240416;100651;1300.8;27;10131513348;S
20240416;100651;1300.8;50;10131513349;S
20240416;100651;1300.8;1;10131513350;S
20240416;100651;1300.8;1;10131513351;S
20240416;100651;1300.8;6;10131513352;S
20240416;100651;1300.8;1;10131513353;S
20240416;100651;1300.8;1;10131513354;S
20240416;100651;1300.8;1;10131513355;S
20240416;100651;1300.8;305;10131513356;S
20240416;100651;1301;2;10131513419;B
20240416;100651;1301;6;10131513420;B
20240416;100655;1300.8;10;10131514175;S
20240416;100656;1300.8;2;10131514229;S
20240416;100656;1300.8;2;10131514268;S
20240416;100656;1300.8;2;10131514294;B
20240416;100657;1300.8;1;10131514451;B
20240416;100658;1300.6;1;10131514643;S
20240416;100658;1300.6;1;10131514644;S
20240416;100659;1300.6;2;10131514901;S
20240416;100659;1300.6;1;10131514902;S
20240416;100659;1300.6;3;10131514903;S
20240416;100700;1300.4;3;10131514975;S
20240416;100700;1300.4;1;10131514985;S
20240416;100702;1300.4;4;10131515486;S
20240416;100702;1300.4;5;10131515520;S
20240416;100702;1300.4;1;10131515521;S
20240416;100702;1300.4;1;10131515545;S
20240416;100702;1300.4;1;10131515546;S
20240416;100703;1300.4;1;10131515655;S
20240416;100703;1300.4;4;10131515656;S
20240416;100703;1300.4;3;10131515657;S
20240416;100703;1300.4;1;10131515751;S
20240416;100703;1300.4;2;10131515752;S
20240416;100703;1300.4;1;10131515753;S
20240416;100703;1300.4;2;10131515754;S
20240416;100703;1300.4;11;10131515906;S
20240416;100703;1300.2;4;10131515907;S
20240416;100704;1300.4;60;10131516163;B
20240416;100705;1300.2;1;10131516480;S
20240416;100706;1300.2;2;10131516670;S
20240416;100706;1300.2;1;10131516671;S
20240416;100706;1300.2;1;10131516672;S
20240416;100706;1300.2;1;10131516673;S
20240416;100706;1300.2;1;10131516674;S
20240416;100706;1300.2;2;10131516675;S
20240416;100707;1300;1;10131516822;S
20240416;100707;1300;1;10131516823;S
20240416;100707;1300;1;10131516835;S
20240416;100707;1300;1;10131516836;S
20240416;100707;1300;2;10131516837;S
20240416;100707;1300;1;10131516838;S
20240416;100707;1300;1;10131516857;S
20240416;100707;1300;1;10131516868;S
20240416;100707;1300;1;10131516869;S
20240416;100707;1300;1;10131516870;S
20240416;100707;1300;10;10131516871;S
20240416;100707;1300;4;10131516872;S
20240416;100707;1300;1;10131516873;S
20240416;100707;1300;3;10131516874;S
20240416;100707;1300;3;10131516875;S
20240416;100707;1300;1;10131516876;S
20240416;100707;1300;10;10131516877;S
20240416;100707;1300;15;10131516878;S
20240416;100707;1300;1;10131516890;S
20240416;100707;1300;1;10131516891;S
20240416;100707;1300;83;10131516901;S
20240416;100707;1300;3;10131516902;S
20240416;100707;1300;5;10131516903;S
20240416;100707;1300;5;10131516904;S
20240416;100707;1300;1;10131516905;S
20240416;100707;1300;2;10131516906;S
20240416;100707;1300;1;10131516907;S
20240416;100707;1300;18;10131516908;S
20240416;100707;1300;1;10131516909;S
20240416;100707;1300;2;10131516910;S
20240416;100707;1300;10;10131516911;S
20240416;100707;1300;1;10131516912;S
20240416;100707;1300;1;10131516913;S
20240416;100707;1300;267;10131516914;S
20240416;100708;1300;1;10131516935;S
20240416;100708;1300;32;10131516937;S
20240416;100708;1300;1;10131516938;S
20240416;100708;1300;7;10131516939;S
20240416;100708;1300;40;10131516940;S
20240416;100708;1300;30;10131516941;S
20240416;100708;1300;1;10131516947;S
20240416;100708;1300;1;10131517012;S
20240416;100708;1300;1;10131517026;S
20240416;100708;1300;1;10131517075;S
20240416;100708;1300;1;10131517076;S
20240416;100708;1300;2;10131517077;S
20240416;100708;1300;1;10131517105;S
20240416;100708;1300;2;10131517130;S
20240416;100709;1300;1;10131517335;S
20240416;100709;1300;2;10131517336;S
20240416;100709;1300;1;10131517337;S
20240416;100709;1300;1;10131517342;S
20240416;100709;1300;1;10131517343;S
20240416;100709;1300;4;10131517344;S
20240416;100709;1300;1;10131517346;S
20240416;100709;1300;1;10131517352;S
20240416;100709;1300;1;10131517353;S
20240416;100709;1300;4;10131517354;S
20240416;100709;1300;1;10131517359;S
20240416;100709;1300;1;10131517393;S
20240416;100709;1300;1;10131517403;S
20240416;100709;1300;1;10131517420;S
20240416;100709;1300;1;10131517424;S
20240416;100709;1300;1;10131517425;S
20240416;100709;1300;1;10131517430;S
20240416;100709;1300;1;10131517576;S
20240416;100709;1300;2;10131517577;S
20240416;100709;1300.2;25;10131517579;B
20240416;100710;1300;1;10131517618;S
20240416;100710;1300;1;10131517703;S
20240416;100710;1300;1;10131517724;S
20240416;100710;1300;1;10131517732;S
20240416;100710;1300;5;10131517766;S
20240416;100710;1300;4;10131517767;S
20240416;100710;1300;1;10131517769;S
20240416;100710;1300;1;10131517770;S
20240416;100710;1300;1;10131517772;S
20240416;100710;1300;1;10131517773;S
20240416;100711;1300;1;10131517799;S
20240416;100711;1300;1;10131517829;S
20240416;100711;1300;1;10131517834;S
20240416;100711;1300;1;10131517835;S
20240416;100711;1300;1;10131517843;S
20240416;100711;1300;2;10131517873;S
20240416;100711;1300;1;10131517925;S
20240416;100711;1300;1;10131517948;S
20240416;100712;1300;1;10131518001;S
20240416;100712;1300;1;10131518002;S
20240416;100712;1300;4;10131518003;S
20240416;100712;1300;1;10131518066;S
20240416;100712;1300;1;10131518067;S
20240416;100712;1300;1;10131518096;S
20240416;100712;1300;1;10131518114;S
20240416;100713;1300;1;10131518194;S
20240416;100713;1300;1;10131518249;S
20240416;100713;1300;1;10131518273;S
20240416;100713;1300;1;10131518280;S
20240416;100713;1300;1;10131518281;S
20240416;100714;1300;1;10131518440;S
20240416;100714;1300;1;10131518441;S
20240416;100714;1300;5;10131518442;S
20240416;100715;1300;1;10131518678;S
20240416;100715;1300;1;10131518679;S
20240416;100715;1300;4;10131518680;S
20240416;100715;1300;1;10131518685;S
20240416;100715;1300;1;10131518772;S
20240416;100716;1300;1;10131518859;S
20240416;100716;1300;1;10131518861;S
20240416;100716;1300;2;10131518940;S
20240416;100716;1300;1;10131518960;S
20240416;100716;1300;1;10131518969;S
20240416;100716;1300;1;10131518970;S
20240416;100716;1300;1;10131519036;S
20240416;100716;1300;2;10131519037;S
20240416;100717;1300.2;20;10131519160;B
20240416;100717;1300;30;10131519179;S
20240416;100717;1300.2;1;10131519273;B
20240416;100718;1300;298;10131519284;S
20240416;100718;1300;4;10131519285;S
20240416;100718;1300;10;10131519286;S
20240416;100718;1300;10;10131519287;S
20240416;100718;1300;1;10131519288;S
20240416;100718;1300;8;10131519289;S
20240416;100718;1300;1;10131519290;S
20240416;100718;1300;100;10131519291;S
20240416;100718;1300;4;10131519292;S
20240416;100718;1300;1;10131519409;S
20240416;100718;1300;1;10131519410;S
20240416;100720;1300;1;10131519904;S
20240416;100720;1300;1;10131519938;S
20240416;100720;1300;2;10131520007;S
20240416;100721;1300;1;10131520107;S
20240416;100721;1300;1;10131520193;S
20240416;100721;1300;1;10131520194;S
20240416;100721;1300;1;10131520195;S
20240416;100722;1300;1;10131520381;S
20240416;100722;1300;1;10131520382;S
20240416;100722;1300;1;10131520417;S
20240416;100722;1300;1;10131520478;S
20240416;100722;1300;1;10131520479;S
20240416;100722;1300;4;10131520480;S
20240416;100722;1300;1;10131520561;S
20240416;100722;1300;1;10131520562;S
20240416;100723;1300;1;10131520576;S
20240416;100723;1300;1;10131520691;S
20240416;100724;1300;1;10131520911;S
20240416;100724;1300.2;3;10131520919;B
20240416;100725;1300;1;10131520953;S
20240416;100725;1300;1;10131520984;S
20240416;100725;1300;1;10131520985;S
20240416;100725;1300;2;10131520986;S
20240416;100725;1300;2;10131521034;S
20240416;100725;1300;1;10131521035;S
20240416;100725;1300;14;10131521040;S
20240416;100725;1300;10;10131521041;S
20240416;100725;1300;7;10131521042;S
20240416;100725;1300;50;10131521043;S
20240416;100725;1300;1;10131521044;S
20240416;100725;1300;3;10131521045;S
20240416;100725;1300;1;10131521046;S
20240416;100725;1300;1;10131521047;S
20240416;100725;1300;1;10131521048;S
20240416;100725;1300;12;10131521049;S
20240416;100725;1300;10;10131521050;S
20240416;100725;1300;1;10131521051;S
20240416;100725;1300;1;10131521052;S
20240416;100725;1300;1;10131521053;S
20240416;100725;1300;5;10131521054;S
20240416;100725;1300;15;10131521055;S
20240416;100725;1300;50;10131521056;S
20240416;100725;1300;5;10131521057;S
20240416;100725;1300;1;10131521058;S
20240416;100725;1300;1;10131521059;S
20240416;100725;1300;1;10131521060;S
20240416;100725;1300;1;10131521061;S
20240416;100725;1300;30;10131521062;S
20240416;100725;1300;4;10131521063;S
20240416;100725;1300;6;10131521064;S
20240416;100725;1299.8;100;10131521065;S
20240416;100725;1299.6;30;10131521066;S
20240416;100725;1299.2;60;10131521067;S
20240416;100725;1299;1;10131521068;S
20240416;100725;1299;1;10131521069;S
20240416;100725;1299;15;10131521070;S
20240416;100725;1299;1;10131521071;S
20240416;100725;1299;1;10131521072;S
20240416;100725;1299;50;10131521073;S
20240416;100725;1299;1;10131521074;S
20240416;100725;1299;54;10131521075;S
20240416;100725;1299;1;10131521076;S
20240416;100725;1299;600;10131521077;S
20240416;100725;1299;600;10131521078;S
20240416;100725;1299;3;10131521079;S
20240416;100725;1298.8;445;10131521080;S
20240416;100725;1298.8;5;10131521081;S
20240416;100725;1298.6;5;10131521082;S
20240416;100725;1298.6;50;10131521083;S
20240416;100725;1298.6;291;10131521084;S
20240416;100725;1299.2;100;10131521109;B
20240416;100725;1299;93;10131521110;B
20240416;100725;1299;7;10131521111;B
20240416;100725;1298.4;1;10131521113;S
20240416;100725;1298.4;1;10131521114;S
20240416;100725;1298.4;5;10131521115;S
20240416;100725;1298.4;23;10131521116;S
20240416;100725;1298.8;12;10131521164;B
20240416;100725;1298.8;8;10131521165;B
20240416;100726;1298.4;4;10131521188;S
20240416;100729;1298.8;7;10131521880;B
20240416;100731;1298.8;1;10131522194;B
20240416;100733;1298.8;3;10131522673;B
20240416;100735;1298.4;2;10131523064;S
20240416;100735;1298.8;1;10131523077;B
20240416;100739;1298.8;20;10131523877;B
20240416;100739;1298.8;10;10131523878;B
20240416;100739;1299;12;10131523879;B
20240416;100739;1299;58;10131523880;B
20240416;100744;1298.8;10;10131524729;B
20240416;100747;1298.8;118;10131525417;B
20240416;100748;1298.6;96;10131525648;S
20240416;100748;1298.6;81;10131525649;S
20240416;100749;1298.6;16;10131525810;S
20240416;100749;1298.6;108;10131525932;S
20240416;100751;1298.6;1;10131526415;B
20240416;100752;1298.4;8;10131526597;S
20240416;100752;1298.4;31;10131526598;S
20240416;100752;1298.4;15;10131526622;S
20240416;100753;1298.6;10;10131526803;B
20240416;100753;1298.6;2;10131526806;B
20240416;100754;1298.6;20;10131526960;B
20240416;100756;1298.6;9;10131527481;B
20240416;100756;1298.6;25;10131527482;B
20240416;100758;1298.4;30;10131527868;S
20240416;100800;1298.4;120;10131528272;S
20240416;100800;1298.6;1;10131528291;B
20240416;100804;1298.6;1;10131529355;B
20240416;100805;1298.4;2;10131529560;S
20240416;100812;1298.4;2;10131531022;S
20240416;100812;1298.4;2;10131531023;S
20240416;100812;1298.4;1;10131531024;S
20240416;100812;1298.4;1;10131531025;S
20240416;100812;1298.4;1;10131531026;S
20240416;100812;1298.4;1;10131531027;S
20240416;100812;1298.4;1;10131531028;S
20240416;100812;1298.4;1;10131531029;S
20240416;100812;1298.4;1;10131531030;S
20240416;100812;1298.2;4;10131531031;S
20240416;100813;1298.6;1;10131531252;B
20240416;100814;1298.6;5;10131531269;B
20240416;100815;1298.4;1;10131531592;S
20240416;100815;1298.4;1;10131531593;S
20240416;100816;1298.4;1;10131531792;S
20240416;100821;1298.4;8;10131532709;S
20240416;100821;1298.4;17;10131532710;S
20240416;100829;1298.8;5;10131533851;B
20240416;100834;1298.6;3;10131534569;S
20240416;100836;1298.6;17;10131534836;S
20240416;100836;1298.6;5;10131534837;S
20240416;100836;1298.6;15;10131534838;S
20240416;100836;1298.6;3;10131534839;S
20240416;100836;1298.4;10;10131534848;S
20240416;100836;1298.4;108;10131534849;S
20240416;100836;1298.4;1;10131534850;S
20240416;100836;1298.4;1;10131534851;S
20240416;100836;1298.4;76;10131534852;S
20240416;100838;1298.4;5;10131535297;B
20240416;100839;1298.4;2;10131535393;B
20240416;100840;1298.2;26;10131535571;S
20240416;100840;1298.2;74;10131535572;S
20240416;100843;1298.2;50;10131536062;S
20240416;100845;1298.2;11;10131536360;S
20240416;100846;1298.4;145;10131536488;B
20240416;100847;1298.2;82;10131536602;S
20240416;100848;1298.4;1012;10131536718;B
20240416;100848;1298.4;60;10131536719;B
20240416;100848;1298.4;79;10131536720;B
20240416;100848;1298.4;93;10131536721;B
20240416;100848;1298.4;56;10131536722;B
20240416;100853;1298.6;5;10131537573;B
20240416;100854;1298.4;2;10131537812;S
20240416;100856;1298.4;1;10131538126;S
20240416;100859;1298.4;44;10131538659;S
20240416;100905;1298.4;1;10131540341;S
20240416;100906;1298.6;20;10131540388;B
20240416;100910;1298.6;1;10131541184;B
20240416;100910;1298.4;34;10131541205;S
20240416;100917;1298.6;1;10131542344;B
20240416;100917;1298.4;10;10131542347;S
20240416;100917;1298.4;1;10131542356;S
20240416;100917;1298.4;9;10131542357;S
20240416;100920;1298.6;50;10131542923;B
20240416;100921;1298.4;1;10131543005;S
20240416;100921;1298.4;154;10131543006;S
20240416;100921;1298.4;4;10131543007;S
20240416;100921;1298.4;5;10131543008;S
20240416;100921;1298.4;3;10131543009;S
20240416;100921;1298.4;60;10131543010;S
20240416;100921;1298.4;5;10131543011;S
20240416;100921;1298.4;2;10131543012;S
20240416;100921;1298.4;10;10131543013;S
20240416;100921;1298.4;5;10131543014;S
20240416;100921;1298.4;15;10131543015;S
20240416;100921;1298.2;736;10131543016;S
20240416;100921;1298.4;58;10131543052;S
20240416;100924;1298.4;2;10131543612;S
20240416;100928;1298.4;6;10131544305;S
20240416;100928;1298.4;34;10131544306;S
20240416;100930;1298.2;37;10131544593;S
20240416;100932;1298.6;10;10131544871;B
20240416;100933;1298.6;2;10131545031;B
20240416;100933;1298.2;45;10131545127;S
20240416;100936;1298.4;2;10131545832;B
20240416;100936;1298.4;1;10131545856;B
20240416;100939;1298.4;1;10131546342;B
20240416;100942;1298.4;1;10131546742;B
20240416;100942;1298.2;32;10131546824;S
20240416;100943;1298.2;500;10131546972;S
20240416;100944;1298.4;1;10131547045;B
20240416;100944;1298.4;5;10131547050;B
20240416;100947;1298.2;1;10131547641;S
20240416;100947;1298.2;10;10131547697;S
20240416;100949;1298.2;170;10131548031;S
20240416;100951;1298.2;25;10131548759;S
20240416;100952;1298.4;2;10131548941;B
20240416;100956;1298.4;5;10131549734;B
20240416;100957;1298.4;7;10131549905;B
20240416;101002;1298.2;3;10131551164;S
20240416;101003;1298.2;200;10131551219;S
20240416;101003;1298.2;12;10131551499;S
20240416;101005;1298.2;10;10131551929;S
20240416;101006;1298.4;2;10131552089;B
20240416;101006;1298.4;1;10131552175;B
20240416;101007;1298.2;300;10131552373;S
20240416;101008;1298.2;503;10131552577;S
20240416;101008;1298.2;129;10131552578;S
20240416;101008;1298.2;70;10131552579;S
20240416;101008;1298.2;25;10131552580;S
20240416;101008;1298.2;1;10131552581;S
20240416;101008;1298.2;15;10131552582;S
20240416;101008;1298.2;3;10131552583;S
20240416;101008;1298.2;4;10131552584;S
20240416;101008;1298.2;1;10131552585;S
20240416;101008;1298.2;40;10131552586;S
20240416;101009;1298.4;10;10131552752;B
20240416;101009;1298.2;3;10131552753;S
20240416;101009;1298.2;3;10131552754;S
20240416;101009;1298.2;12;10131552755;S
20240416;101009;1298.2;2;10131552784;S
20240416;101009;1298.2;1;10131552852;S
20240416;101009;1298.2;1;10131552853;S
20240416;101010;1298.2;3;10131552976;S
20240416;101010;1298.2;1;10131553041;S
20240416;101010;1298.2;1;10131553056;S
20240416;101010;1298.2;1;10131553057;S
20240416;101010;1298.2;1;10131553076;S
20240416;101010;1298.2;1;10131553104;S
20240416;101011;1298.4;125;10131553423;B
20240416;101011;1298.4;20;10131553424;B
20240416;101011;1298.4;82;10131553425;B
20240416;101011;1298.4;73;10131553426;B
20240416;101011;1298.2;1;10131553441;S
20240416;101012;1298.4;10;10131553549;B
20240416;101012;1298.2;1;10131553583;S
20240416;101012;1298.2;1;10131553706;S
20240416;101013;1298.2;1;10131553878;S
20240416;101013;1298.2;1;10131553879;S
20240416;101014;1298.2;125;10131554176;S
20240416;101014;1298.2;93;10131554177;S
20240416;101015;1298.4;1;10131554289;B
20240416;101015;1298.2;117;10131554373;S
20240416;101015;1298.2;60;10131554374;S
20240416;101015;1298.2;100;10131554375;S
20240416;101015;1298.2;1;10131554376;S
20240416;101015;1298.2;1;10131554377;S
20240416;101015;1298.2;40;10131554378;S
20240416;101015;1298.2;5;10131554379;S
20240416;101015;1298.2;1;10131554380;S
20240416;101015;1298.2;2;10131554381;S
20240416;101015;1298.2;2;10131554382;S
20240416;101015;1298.2;1;10131554383;S
20240416;101015;1298.2;1;10131554384;S
20240416;101015;1298.2;2;10131554385;S
20240416;101015;1298.2;3;10131554386;S
20240416;101015;1298.2;2;10131554387;S
20240416;101015;1298.2;1;10131554388;S
20240416;101015;1298.2;2;10131554389;S
20240416;101015;1298.2;1;10131554390;S
20240416;101015;1298.2;2;10131554391;S
20240416;101015;1298.2;50;10131554392;S
20240416;101015;1298.2;5;10131554393;S
20240416;101015;1298;1;10131554394;S
20240416;101015;1298;1;10131554395;S
20240416;101015;1298;10;10131554396;S
20240416;101015;1298;50;10131554397;S
20240416;101015;1298;1;10131554398;S
20240416;101015;1298;1;10131554399;S
20240416;101015;1298;2000;10131554400;S
20240416;101015;1298;5;10131554401;S
20240416;101015;1298;20;10131554402;S
20240416;101015;1298;1;10131554403;S
20240416;101015;1298;3;10131554404;S
20240416;101015;1298;1;10131554405;S
20240416;101015;1298;1000;10131554406;S
20240416;101015;1298;25;10131554407;S
20240416;101015;1298;3;10131554408;S
20240416;101015;1298;30;10131554409;S
20240416;101015;1298;3;10131554410;S
20240416;101015;1298;5;10131554411;S
20240416;101015;1298;7;10131554412;S
20240416;101015;1298;6;10131554413;S
20240416;101015;1298;1;10131554414;S
20240416;101015;1298;10;10131554415;S
20240416;101015;1298;39;10131554416;S
20240416;101015;1298;10;10131554417;S
20240416;101015;1298;3;10131554418;S
20240416;101015;1298;2;10131554419;S
20240416;101015;1298;2;10131554420;S
20240416;101015;1298;92;10131554421;S
20240416;101016;1298;10;10131554659;S
20240416;101021;1298.2;50;10131555425;B
20240416;101021;1298.2;42;10131555487;B
20240416;101021;1298.2;58;10131555488;B
20240416;101026;1298;31;10131556566;S
20240416;101030;1298;15;10131557721;S
20240416;101030;1298;14;10131557722;S
20240416;101030;1298;70;10131557740;S
20240416;101030;1298;5;10131557741;S
20240416;101030;1298;8;10131557742;S
20240416;101030;1298;37;10131557743;S
20240416;101030;1298;1;10131557744;S
20240416;101030;1298;1;10131557745;S
20240416;101030;1298;1;10131557746;S
20240416;101030;1298;10;10131557747;S
20240416;101030;1298;5;10131557748;S
20240416;101030;1298;15;10131557749;S
20240416;101030;1298;1;10131557750;S
20240416;101031;1298;1;10131557847;B
20240416;101034;1298;2;10131558538;B
20240416;101035;1298;300;10131558679;B
20240416;101036;1298;17;10131558827;B
20240416;101036;1298;1;10131558884;B
20240416;101036;1297.8;7;10131558910;S
20240416;101036;1298;1;10131558990;B
20240416;101036;1297.8;43;10131559013;S
20240416;101036;1297.8;32;10131559014;S
20240416;101036;1297.8;385;10131559015;S
20240416;101036;1297.8;3;10131559016;S
20240416;101036;1297.8;10;10131559017;S
20240416;101036;1297.8;16;10131559018;S
20240416;101037;1297.6;1;10131559082;S
20240416;101037;1297.6;5;10131559083;S
20240416;101037;1297.6;2;10131559084;S
20240416;101037;1297.6;2;10131559085;S
20240416;101037;1297.4;1;10131559086;S
20240416;101037;1297.4;1;10131559118;S
20240416;101037;1297.4;9;10131559119;S
20240416;101038;1297.4;1;10131559300;S
20240416;101038;1297.4;1;10131559301;S
20240416;101038;1297.4;1;10131559302;S
20240416;101038;1297.2;12;10131559303;S
20240416;101038;1297.2;1;10131559304;S
20240416;101038;1297.2;1;10131559305;S
20240416;101038;1297.2;5;10131559306;S
20240416;101038;1297.2;1;10131559307;S
20240416;101038;1297.2;17;10131559308;S
20240416;101039;1297.2;13;10131559603;S
20240416;101039;1297.2;1;10131559604;S
20240416;101039;1297.2;8;10131559605;S
20240416;101043;1297.4;62;10131560544;B
20240416;101044;1297.4;4;10131560987;B
20240416;101045;1297.2;12;10131561373;S
20240416;101045;1297.2;1;10131561374;S
20240416;101046;1297;1;10131561413;S
20240416;101046;1297;1;10131561414;S
20240416;101046;1297;14;10131561503;S
20240416;101046;1297;31;10131561504;S
20240416;101046;1297;50;10131561505;S
20240416;101046;1297;3;10131561506;S
20240416;101046;1297;5;10131561507;S
20240416;101046;1297;5;10131561508;S
20240416;101046;1297;5;10131561509;S
20240416;101046;1297;1;10131561510;S
20240416;101046;1297;1;10131561511;S
20240416;101046;1297;7;10131561512;S
20240416;101046;1297;1;10131561513;S
20240416;101046;1297;1;10131561514;S
20240416;101046;1297;1;10131561515;S
20240416;101046;1297;6;10131561516;S
20240416;101046;1297;1;10131561517;S
20240416;101046;1297;28;10131561518;S
20240416;101049;1297;122;10131562353;S
20240416;101049;1297;1;10131562354;S
20240416;101049;1297;7;10131562355;S
20240416;101049;1297;9;10131562356;S
20240416;101049;1297;2;10131562357;S
20240416;101049;1297;5;10131562358;S
20240416;101049;1297;1;10131562359;S
20240416;101049;1297;5;10131562360;S
20240416;101049;1297;1;10131562361;S
20240416;101049;1297;1;10131562362;S
20240416;101049;1297;3;10131562363;S
20240416;101052;1297;10;10131563524;B
20240416;101054;1296.8;1;10131564046;S
20240416;101054;1296.8;10;10131564047;S
20240416;101054;1296.8;25;10131564048;S
20240416;101054;1296.8;1;10131564049;S
20240416;101055;1296.8;92;10131564294;B
20240416;101055;1296.8;8;10131564295;B
20240416;101055;1296.8;15;10131564435;B
20240416;101057;1296.8;3;10131564761;B
20240416;101059;1296.8;8;10131565275;B
20240416;101100;1296.8;13;10131565373;B
20240416;101102;1296.8;91;10131565998;B
20240416;101102;1296.8;42;10131565999;B
20240416;101102;1296.6;1;10131566072;S
20240416;101102;1296.6;1;10131566073;S
20240416;101102;1296.6;1;10131566074;S
20240416;101102;1296.6;1;10131566075;S
20240416;101102;1296.6;38;10131566076;S
20240416;101102;1296.6;20;10131566077;S
20240416;101102;1296.6;8;10131566078;S
20240416;101102;1296.6;1;10131566079;S
20240416;101103;1296.6;1;10131566114;S
20240416;101105;1296.8;1;10131566589;B
20240416;101107;1296.6;2;10131566947;S
20240416;101107;1296.6;2;10131566948;S
20240416;101107;1296.6;1;10131566965;S
20240416;101107;1296.6;1;10131566966;S
20240416;101109;1296.8;20;10131567381;B
20240416;101109;1296.8;1;10131567395;B
20240416;101111;1296.8;1;10131567907;B
20240416;101111;1296.8;1;10131567962;B
20240416;101113;1296.6;1;10131568516;S
20240416;101114;1296.6;83;10131568903;S
20240416;101114;1296.6;20;10131568904;S
20240416;101114;1296.6;5;10131568905;S
20240416;101114;1296.6;5;10131568906;S
20240416;101114;1296.6;37;10131568907;S
20240416;101115;1296.6;10;10131568937;B
20240416;101116;1296.6;1;10131569212;B
20240416;101116;1296.6;5;10131569216;B
20240416;101118;1296.6;20;10131569599;B
20240416;101119;1296.6;3;10131569878;B
20240416;101120;1296.6;1;10131570102;B
20240416;101123;1296.6;3;10131570781;B
20240416;101124;1296.6;10;10131571038;B
20240416;101124;1296.6;95;10131571194;B
20240416;101124;1296.6;55;10131571195;B
20240416;101126;1296.4;5;10131571594;S
20240416;101126;1296.4;10;10131571595;S
20240416;101126;1296.4;3;10131571596;S
20240416;101126;1296.4;1;10131571597;S
20240416;101126;1296.4;46;10131571598;S
20240416;101126;1296.4;10;10131571600;S
20240416;101126;1296.4;36;10131571617;S
20240416;101126;1296.4;50;10131571618;S
20240416;101126;1296.4;10;10131571619;S
20240416;101126;1296.4;2;10131571620;S
20240416;101126;1296.4;5;10131571621;S
20240416;101126;1296.4;60;10131571622;S
20240416;101126;1296.4;78;10131571623;S
20240416;101126;1296.2;1;10131571624;S
20240416;101126;1296.2;2;10131571625;S
20240416;101126;1296.2;10;10131571626;S
20240416;101126;1296.2;30;10131571627;S
20240416;101126;1296.2;25;10131571628;S
20240416;101126;1296.2;123;10131571629;S
20240416;101126;1296.2;2;10131571630;S
20240416;101126;1296.2;1;10131571631;S
20240416;101126;1296.2;2;10131571632;S
20240416;101126;1296.2;1263;10131571633;S
20240416;101126;1296.2;100;10131571769;S
20240416;101126;1296.2;50;10131571770;S
20240416;101126;1296.2;40;10131571771;S
20240416;101127;1296.2;1;10131571884;S
20240416;101127;1296.2;64;10131571885;S
20240416;101127;1296.2;136;10131571886;S
20240416;101127;1296.2;5;10131571887;S
20240416;101127;1296.2;1;10131571888;S
20240416;101127;1296;10;10131571889;S
20240416;101127;1296;1;10131571890;S
20240416;101127;1296;4;10131571891;S
20240416;101127;1296;1;10131571892;S
20240416;101127;1296;2;10131571893;S
20240416;101127;1296;10;10131571894;S
20240416;101127;1296;20;10131571895;S
20240416;101127;1296;1;10131571896;S
20240416;101127;1296;4;10131571897;S
20240416;101127;1296;2;10131571898;S
20240416;101127;1296;1;10131571899;S
20240416;101127;1296;1;10131571900;S
20240416;101127;1296;45;10131571901;S
20240416;101127;1296;3;10131571902;S
20240416;101127;1296;1;10131571903;S
20240416;101127;1296;100;10131571904;S
20240416;101127;1296;12;10131571905;S
20240416;101127;1296;1;10131571906;S
20240416;101127;1296;20;10131571907;S
20240416;101127;1296;1;10131571908;S
20240416;101127;1296;118;10131571909;S
20240416;101127;1296.2;5;10131571916;B
20240416;101127;1296;12;10131571921;S
20240416;101127;1295.8;1;10131571922;S
20240416;101127;1295.8;80;10131571923;S
20240416;101127;1295.8;1;10131571924;S
20240416;101127;1295.8;9;10131571925;S
20240416;101127;1295.6;8;10131571926;S
20240416;101127;1295.6;2;10131571927;S
20240416;101127;1295.6;2;10131571928;S
20240416;101127;1295.6;30;10131571929;S
20240416;101127;1295.6;20;10131571930;S
20240416;101127;1295.6;2;10131571931;S
20240416;101127;1295.6;2;10131571932;S
20240416;101127;1295.6;2;10131571933;S
20240416;101127;1295.6;1;10131571934;S
20240416;101127;1295.6;10;10131571935;S
20240416;101127;1295.6;1;10131571936;S
20240416;101127;1295.6;8;10131571937;S
20240416;101127;1295.6;12;10131571938;S
20240416;101127;1295.6;8;10131571939;S
20240416;101127;1295.4;1;10131571940;S
20240416;101127;1295.4;4;10131571945;S
20240416;101127;1295.4;10;10131571946;S
20240416;101127;1295.4;86;10131571947;S
20240416;101127;1295.4;3;10131571950;S
20240416;101127;1295.4;11;10131571964;S
20240416;101127;1295.4;3;10131571965;S
20240416;101127;1295.4;50;10131571966;S
20240416;101127;1295.4;19;10131571967;S
20240416;101127;1295.4;117;10131571968;S
20240416;101127;1295.4;100;10131571970;S
20240416;101127;1295.4;50;10131571990;S
20240416;101128;1295.6;1;10131572111;S
20240416;101128;1295.4;9;10131572112;S
20240416;101128;1295.6;1;10131572114;S
20240416;101128;1295.4;9;10131572115;S
20240416;101128;1295.4;50;10131572116;S
20240416;101128;1295.4;150;10131572117;S
20240416;101128;1295.4;15;10131572120;S
20240416;101128;1295.4;10;10131572122;S
20240416;101128;1295.8;20;10131572123;B
20240416;101128;1295.4;45;10131572124;S
20240416;101128;1295.4;245;10131572133;S
20240416;101128;1295.4;25;10131572134;S
20240416;101128;1295.4;60;10131572135;S
20240416;101128;1295.4;100;10131572136;S
20240416;101128;1295.2;1;10131572137;S
20240416;101128;1295.2;2;10131572138;S
20240416;101128;1295.2;1;10131572139;S
20240416;101128;1295.2;20;10131572140;S
20240416;101128;1295.2;50;10131572141;S
20240416;101128;1295.2;1;10131572142;S
20240416;101128;1295.2;5;10131572143;S
20240416;101128;1295.2;5;10131572144;S
20240416;101128;1295.2;5;10131572145;S
20240416;101128;1295.2;13;10131572146;S
20240416;101128;1295.2;1;10131572147;S
20240416;101128;1295.2;2;10131572148;S
20240416;101128;1295.2;1;10131572149;S
20240416;101128;1295.2;20;10131572150;S
20240416;101128;1295.2;1;10131572151;S
20240416;101128;1295.2;5;10131572152;S
20240416;101128;1295.2;5;10131572153;S
20240416;101128;1295.2;3;10131572154;S
20240416;101128;1295.2;10;10131572155;S
20240416;101128;1295.2;10;10131572156;S
20240416;101128;1295.2;1;10131572157;S
20240416;101128;1295.2;2;10131572158;S
20240416;101128;1295.2;9;10131572159;S
20240416;101128;1295.2;40;10131572160;S
20240416;101128;1295.2;30;10131572161;S
20240416;101128;1295.6;10;10131572162;B
20240416;101128;1295.6;90;10131572163;B
20240416;101128;1295.6;12;10131572165;B
20240416;101128;1295.6;154;10131572166;B
20240416;101128;1295.6;2;10131572174;S
20240416;101128;1295.6;16;10131572175;S
20240416;101128;1295.6;16;10131572177;S
20240416;101128;1295.6;60;10131572178;S
20240416;101128;1295.2;199;10131572179;S
20240416;101128;1295;10;10131572180;S
20240416;101128;1295;18;10131572181;S
20240416;101128;1295;3;10131572182;S
20240416;101128;1295;400;10131572183;S
20240416;101128;1295;1;10131572184;S
20240416;101128;1295;1;10131572185;S
20240416;101128;1295;3;10131572186;S
20240416;101128;1295;2;10131572187;S
20240416;101128;1295;1;10131572188;S
20240416;101128;1295;3;10131572189;S
20240416;101128;1295;1;10131572190;S
20240416;101128;1295;1;10131572191;S
20240416;101128;1295;281;10131572192;S
20240416;101128;1295.4;93;10131572193;B
20240416;101128;1295.4;7;10131572194;B
20240416;101128;1295.2;8;10131572200;S
20240416;101128;1295.2;52;10131572201;S
20240416;101128;1295;48;10131572202;S
20240416;101128;1295.2;50;10131572246;B
20240416;101128;1295;27;10131572252;S
20240416;101128;1295.2;202;10131572276;B
20240416;101128;1295.4;131;10131572277;B
20240416;101128;1295.4;82;10131572278;B
20240416;101128;1295.4;85;10131572279;B
20240416;101128;1295.2;22;10131572280;S
20240416;101128;1295.2;5;10131572281;S
20240416;101128;1295.2;3;10131572284;S
20240416;101128;1295.4;2;10131572320;B
20240416;101129;1295.2;3;10131572325;S
20240416;101129;1295.2;3;10131572374;S
20240416;101129;1295.2;107;10131572375;S
20240416;101129;1295.2;60;10131572376;S
20240416;101129;1295;644;10131572377;S
20240416;101129;1295;1;10131572378;S
20240416;101129;1295;1;10131572379;S
20240416;101129;1295;1;10131572380;S
20240416;101129;1295;1;10131572381;S
20240416;101129;1295;75;10131572382;S
20240416;101129;1295;20;10131572383;S
20240416;101129;1295;4;10131572384;S
20240416;101129;1295;20;10131572385;S
20240416;101129;1295;50;10131572386;S
20240416;101129;1295;1;10131572387;S
20240416;101129;1295;2;10131572388;S
20240416;101129;1295;4;10131572389;S
20240416;101129;1295;2;10131572390;S
20240416;101129;1295;1;10131572391;S
20240416;101129;1295;6;10131572392;S
20240416;101129;1295;14;10131572394;S
20240416;101129;1295;1;10131572395;S
20240416;101129;1295;10;10131572396;S
20240416;101129;1295;3;10131572397;S
20240416;101129;1295;20;10131572398;S
20240416;101129;1295;50;10131572399;S
20240416;101129;1295;2;10131572400;S
20240416;101129;1295;8;10131572401;S
20240416;101129;1295;2;10131572402;S
20240416;101129;1295;74;10131572403;S
20240416;101129;1295;169;10131572414;S
20240416;101129;1295;1;10131572415;S
20240416;101129;1295;30;10131572416;S
20240416;101129;1295;1;10131572417;S
20240416;101129;1295;20;10131572418;S
20240416;101129;1295;1;10131572419;S
20240416;101129;1295;2;10131572420;S
20240416;101129;1295;1;10131572421;S
20240416;101129;1295;1;10131572422;S
20240416;101129;1295;2;10131572423;S
20240416;101129;1295;7;10131572424;S
20240416;101129;1295;4;10131572425;S
20240416;101129;1295;10;10131572426;S
20240416;101129;1295;25;10131572427;S
20240416;101129;1295;1;10131572428;S
20240416;101129;1295;35;10131572429;S
20240416;101129;1295;3;10131572430;S
20240416;101129;1295;2;10131572431;S
20240416;101129;1295;1;10131572432;S
20240416;101129;1295;5;10131572433;S
20240416;101129;1295;39;10131572434;S
20240416;101129;1295;1;10131572435;S
20240416;101129;1295;10;10131572436;S
20240416;101129;1295;1;10131572437;S
20240416;101129;1295;1;10131572438;S
20240416;101129;1295;60;10131572439;S
20240416;101129;1294.8;6;10131572440;S
20240416;101129;1294.8;11;10131572441;S
20240416;101129;1294.8;7;10131572442;S
20240416;101129;1294.8;375;10131572443;S
20240416;101129;1294.8;1;10131572444;S
20240416;101129;1295;5;10131572469;S
20240416;101129;1294.8;33;10131572470;S
20240416;101129;1295;1;10131572471;S
20240416;101129;1295;1;10131572472;S
20240416;101129;1295;1;10131572474;S
20240416;101129;1295.2;30;10131572502;S
20240416;101129;1295.2;30;10131572503;S
20240416;101129;1295;1;10131572536;S
20240416;101129;1295;10;10131572537;S
20240416;101129;1295;36;10131572538;S
20240416;101129;1295;59;10131572560;S
20240416;101129;1295;93;10131572561;S
20240416;101129;1295;60;10131572562;S
20240416;101129;1295;5;10131572563;S
20240416;101129;1295;4;10131572564;S
20240416;101129;1295;25;10131572565;S
20240416;101129;1295;4;10131572566;S
20240416;101129;1295;1;10131572567;S
20240416;101129;1294.8;499;10131572568;S
20240416;101130;1294.8;200;10131572723;S
20240416;101131;1294.8;6;10131573023;S
20240416;101132;1295;3;10131573140;B
20240416;101132;1295;12;10131573141;B
20240416;101133;1295.4;92;10131573373;B
20240416;101133;1295.4;138;10131573374;B
20240416;101133;1295.6;12;10131573375;B
20240416;101133;1295.6;58;10131573376;B
20240416;101135;1295.4;30;10131573868;S
20240416;101136;1295.4;60;10131574446;S
20240416;101136;1295.2;82;10131574447;S
20240416;101136;1295;8;10131574448;S
20240416;101137;1295.2;1;10131574885;B
20240416;101138;1295.2;4;10131574929;B
20240416;101139;1295;17;10131575110;S
20240416;101140;1295.2;1;10131575426;B
20240416;101141;1295;2;10131575708;B
20240416;101141;1294.8;100;10131575735;S
20240416;101141;1295;1;10131575797;B
20240416;101143;1295;10;10131576016;B
20240416;101143;1294.8;200;10131576024;S
20240416;101143;1295;1;10131576033;B
20240416;101143;1295;3;10131576110;B
20240416;101143;1295;10;10131576123;B
20240416;101145;1295;200;10131576360;B
20240416;101145;1295;93;10131576361;B
20240416;101145;1295;154;10131576362;B
20240416;101145;1295.2;89;10131576363;B
20240416;101145;1295.2;93;10131576364;B
20240416;101145;1295.2;169;10131576365;B
20240416;101145;1295.2;34;10131576366;B
20240416;101145;1295.2;22;10131576367;B
20240416;101147;1295;17;10131576855;S
20240416;101147;1295;1;10131576942;S
20240416;101150;1295;1035;10131577558;S
20240416;101150;1295;60;10131577559;S
20240416;101150;1295;5;10131577560;S
20240416;101150;1295;25;10131577561;S
20240416;101150;1295;100;10131577562;S
20240416;101150;1295;5;10131577563;S
20240416;101150;1295;83;10131577564;S
20240416;101150;1295;354;10131577565;S
20240416;101150;1294.8;1568;10131577566;S
20240416;101150;1294.8;18;10131577567;S
20240416;101150;1294.8;10;10131577568;S
20240416;101150;1294.8;5;10131577569;S
20240416;101150;1294.8;1;10131577570;S
20240416;101150;1294.8;20;10131577571;S
20240416;101150;1294.8;1;10131577572;S
20240416;101150;1294.8;1;10131577573;S
20240416;101150;1294.8;2;10131577574;S
20240416;101150;1294.8;1;10131577575;S
20240416;101150;1294.8;20;10131577576;S
20240416;101150;1294.8;1;10131577577;S
20240416;101150;1294.6;2;10131577578;S
20240416;101150;1294.6;80;10131577579;S
20240416;101150;1294.6;2;10131577580;S
20240416;101150;1294.6;4;10131577581;S
20240416;101150;1294.6;40;10131577582;S
20240416;101150;1294.6;5;10131577583;S
20240416;101150;1294.6;12;10131577584;S
20240416;101150;1294.6;8;10131577585;S
20240416;101150;1294.6;138;10131577586;S
20240416;101150;1294.4;10;10131577587;S
20240416;101150;1294.4;1;10131577588;S
20240416;101150;1294.4;1;10131577589;S
20240416;101150;1294.4;40;10131577590;S
20240416;101150;1294.4;5;10131577591;S
20240416;101150;1294.2;2;10131577592;S
20240416;101150;1294.2;1;10131577593;S
20240416;101150;1294.2;4;10131577594;S
20240416;101150;1294.2;1;10131577595;S
20240416;101150;1294.2;1;10131577596;S
20240416;101150;1294.2;93;10131577597;S
20240416;101150;1294.2;30;10131577598;S
20240416;101150;1294.2;154;10131577599;S
20240416;101150;1294;1;10131577600;S
20240416;101150;1294;1;10131577601;S
20240416;101150;1294;25;10131577602;S
20240416;101150;1294;500;10131577603;S
20240416;101150;1294;1;10131577604;S
20240416;101150;1294;1;10131577605;S
20240416;101150;1294;1;10131577606;S
20240416;101150;1294;5;10131577607;S
20240416;101150;1294;1;10131577608;S
20240416;101150;1294;1;10131577609;S
20240416;101150;1294;1;10131577610;S
20240416;101150;1294;1;10131577611;S
20240416;101150;1294;1;10131577612;S
20240416;101150;1294;4;10131577613;S
20240416;101150;1294;50;10131577614;S
20240416;101150;1294;4;10131577615;S
20240416;101150;1294;1;10131577616;S
20240416;101150;1294;4;10131577617;S
20240416;101150;1294;1;10131577618;S
20240416;101150;1294;96;10131577619;S
20240416;101150;1294;1;10131577620;S
20240416;101150;1294;350;10131577621;S
20240416;101150;1294;50;10131577638;S
20240416;101150;1294;12;10131577641;S
20240416;101150;1293.8;14;10131577642;S
20240416;101150;1293.8;74;10131577643;S
20240416;101150;1293.8;50;10131577644;S
20240416;101150;1293.8;26;10131577645;S
20240416;101150;1293.8;6;10131577646;S
20240416;101150;1293.8;1;10131577647;S
20240416;101150;1293.8;17;10131577648;S
20240416;101150;1294;3;10131577691;B
20240416;101150;1293.6;2;10131577692;S
20240416;101150;1293.6;2;10131577693;S
20240416;101150;1293.6;2;10131577694;S
20240416;101150;1293.6;44;10131577695;S
20240416;101150;1293.6;6;10131577696;S
20240416;101150;1293.6;2;10131577697;S
20240416;101151;1293.8;13;10131577742;S
20240416;101151;1293.8;60;10131577743;S
20240416;101151;1293.8;7;10131577744;S
20240416;101151;1293.6;22;10131577745;S
20240416;101151;1293.6;15;10131577746;S
20240416;101151;1293.4;1;10131577747;S
20240416;101151;1293.4;10;10131577748;S
20240416;101151;1293.4;35;10131577749;S
20240416;101151;1293.4;10;10131577750;S
20240416;101151;1293.4;1;10131577751;S
20240416;101151;1293.4;25;10131577752;S
20240416;101151;1293.4;101;10131577753;S
20240416;101151;1293.6;1;10131577755;S
20240416;101151;1294;3;10131577760;B
20240416;101151;1294;10;10131577763;B
20240416;101151;1293.6;5;10131577787;S
20240416;101151;1294;4;10131577802;B
20240416;101151;1294;225;10131577830;B
20240416;101151;1294.2;216;10131577831;B
20240416;101151;1294.2;119;10131577832;B
20240416;101151;1294.2;93;10131577833;B
20240416;101151;1294.2;47;10131577834;B
20240416;101151;1294.2;89;10131577835;B
20240416;101151;1294.4;1;10131577836;B
20240416;101151;1294.4;30;10131577876;S
20240416;101151;1294.4;11;10131577896;S
20240416;101152;1294.6;39;10131577933;S
20240416;101152;1294.8;12;10131578035;B
20240416;101152;1294.8;88;10131578036;B
20240416;101153;1294.8;1;10131578115;B
20240416;101153;1294.6;19;10131578171;S
20240416;101153;1294.4;6;10131578172;S
20240416;101153;1294.4;15;10131578173;S
20240416;101154;1294.8;258;10131578357;B
20240416;101154;1295;92;10131578358;B
20240416;101154;1295;139;10131578359;B
20240416;101154;1295;11;10131578360;B
20240416;101154;1295;30;10131578361;B
20240416;101154;1295;79;10131578362;B
20240416;101154;1295.2;11;10131578363;B
20240416;101154;1295.2;92;10131578364;B
20240416;101154;1295.4;88;10131578365;B
20240416;101154;1295.2;1;10131578384;B
20240416;101155;1295.2;49;10131578521;B
20240416;101155;1295.2;10;10131578584;B
20240416;101155;1295.2;10;10131578603;B
20240416;101155;1295.2;10;10131578608;B
20240416;101156;1295.2;8;10131578627;B
20240416;101156;1295.2;3;10131578748;B
20240416;101157;1295;2;10131578883;S
20240416;101159;1295.2;1;10131579240;B
20240416;101159;1295;1;10131579395;S
20240416;101159;1294.8;3;10131579396;S
20240416;101159;1294.8;20;10131579415;S
20240416;101200;1294.8;11;10131579520;S
20240416;101200;1294.8;39;10131579521;S
20240416;101200;1295.2;2;10131579539;B
20240416;101200;1295.2;11;10131579544;B
20240416;101200;1295.2;125;10131579550;B
20240416;101200;1295.4;17;10131579551;B
20240416;101200;1295.4;10;10131579552;B
20240416;101200;1295.4;92;10131579553;B
20240416;101200;1295.6;92;10131579554;B
20240416;101200;1295.6;14;10131579555;B
20240416;101200;1295.6;1;10131579651;B
20240416;101201;1295.6;1;10131579731;B
20240416;101201;1295.6;2;10131579773;B
20240416;101202;1295.2;54;10131580199;S
20240416;101202;1295.2;60;10131580200;S
20240416;101202;1295;1;10131580201;S
20240416;101202;1295;6;10131580202;S
20240416;101202;1295;150;10131580203;S
20240416;101202;1294.8;189;10131580204;S
20240416;101204;1295.4;1;10131580442;B
20240416;101205;1295.2;107;10131580781;B
20240416;101207;1295.2;2;10131581182;B
20240416;101208;1295;5;10131581515;S
20240416;101211;1295;1;10131582114;B
20240416;101214;1295;50;10131582724;B
20240416;101215;1295;5;10131582848;B
20240416;101215;1294.8;30;10131582920;S
20240416;101216;1295;10;10131583016;B
20240416;101216;1295;54;10131583033;B
20240416;101216;1295;1;10131583088;B
20240416;101218;1295;1;10131583328;B
20240416;101220;1295;74;10131583697;B
20240416;101220;1295;10;10131583793;B
20240416;101221;1295;100;10131583905;B
20240416;101222;1295;10;10131584036;B
20240416;101222;1295;2;10131584187;B
20240416;101223;1295;10;10131584236;B
20240416;101225;1295;252;10131584559;B
20240416;101226;1295;22;10131584792;S
20240416;101228;1295;61;10131585000;S
20240416;101230;1295;50;10131585288;S
20240416;101231;1295.2;2;10131585473;B
20240416;101234;1295;1;10131585943;S
20240416;101235;1295.2;1;10131586143;B
20240416;101236;1295;114;10131586302;S
20240416;101236;1295;52;10131586303;S
20240416;101236;1295;5;10131586304;S
20240416;101236;1295;3;10131586305;S
20240416;101236;1295;8;10131586306;S
20240416;101237;1295.2;38;10131586355;B
20240416;101237;1295.2;23;10131586356;B
20240416;101237;1295.2;15;10131586474;B
20240416;101237;1295.2;1;10131586494;B
20240416;101239;1295.2;2;10131586653;B
20240416;101240;1295.2;20;10131586767;B
20240416;101240;1295.2;1;10131587164;B
20240416;101240;1295.2;3;10131587170;B
20240416;101240;1295.2;1;10131587171;B
20240416;101241;1295;1;10131587415;S
20240416;101243;1295.2;2;10131587954;B
20240416;101243;1295.2;7;10131587957;B
20240416;101244;1295.2;1;10131588032;B
20240416;101245;1295.2;43;10131588192;B
20240416;101245;1295.2;50;10131588193;B
20240416;101245;1295.4;7;10131588194;B
20240416;101245;1295.4;8;10131588375;B
20240416;101245;1295.6;2;10131588376;B
20240416;101247;1295.4;154;10131588601;S
20240416;101247;1295.4;52;10131588602;S
20240416;101247;1295.4;157;10131588603;S
20240416;101247;1295.2;93;10131588604;S
20240416;101247;1295.2;204;10131588605;S
20240416;101247;1295.6;1;10131588757;B
20240416;101249;1295.4;94;10131588963;S
20240416;101249;1295.4;6;10131588964;S
20240416;101249;1295.4;5;10131589022;S
20240416;101254;1295.6;93;10131589817;S
20240416;101254;1295.6;52;10131589818;S
20240416;101254;1295.4;9;10131589819;S
20240416;101254;1295.4;16;10131589820;S
20240416;101256;1295.8;13;10131590230;B
20240416;101301;1295.8;23;10131591310;B
20240416;101301;1295.8;208;10131591311;B
20240416;101301;1296;69;10131591312;B
20240416;101301;1296;1;10131591408;B
20240416;101302;1296;10;10131591485;B
20240416;101309;1296;1;10131592385;B
20240416;101311;1295.8;1;10131592653;S
20240416;101311;1295.8;9;10131592654;S
20240416;101312;1296;35;10131592829;B
20240416;101315;1296;34;10131593354;B
20240416;101315;1296;66;10131593355;B
20240416;101320;1295.8;1;10131594129;S
20240416;101320;1296;11;10131594144;B
20240416;101320;1295.8;3;10131594189;S
20240416;101322;1295.8;12;10131594478;S
20240416;101329;1296;50;10131595494;B
20240416;101330;1295.8;12;10131595528;S
20240416;101332;1296;6;10131595874;B
20240416;101332;1296;1;10131595877;B
20240416;101333;1296;25;10131596115;B
20240416;101333;1295.8;22;10131596213;S
20240416;101333;1295.8;10;10131596214;S
20240416;101333;1295.8;49;10131596215;S
20240416;101333;1295.8;5;10131596216;S
20240416;101333;1295.8;19;10131596217;S
20240416;101333;1295.8;10;10131596218;S
20240416;101337;1295.8;12;10131596644;B
20240416;101337;1296;8;10131596645;B
20240416;101338;1296;13;10131596861;B
20240416;101338;1296;7;10131596862;B
20240416;101340;1295.8;4;10131597223;S
20240416;101340;1295.8;49;10131597224;S
20240416;101342;1295.8;1;10131597536;B
20240416;101342;1295.8;10;10131597545;B
20240416;101344;1295.8;9;10131597807;B
20240416;101344;1295.8;20;10131597903;B
20240416;101345;1295.8;1;10131598007;B
20240416;101347;1295.8;3;10131598381;B
20240416;101349;1295.8;3;10131598679;B
20240416;101349;1295.8;17;10131598680;B
20240416;101350;1295.8;33;10131599128;B
20240416;101350;1296;3;10131599129;B
20240416;101350;1296.2;14;10131599130;B
20240416;101350;1295.8;8;10131599151;S
20240416;101350;1295.8;28;10131599152;S
20240416;101351;1295.8;1;10131599288;B
20240416;101352;1295.8;2;10131599548;B
20240416;101355;1295.8;2;10131600275;B
20240416;101402;1295.8;4;10131601805;S
20240416;101403;1295.8;44;10131601879;S
20240416;101403;1295.8;48;10131601880;S
20240416;101403;1295.8;1;10131601881;S
20240416;101403;1295.8;12;10131601882;S
20240416;101403;1295.8;3;10131601883;S
20240416;101403;1295.8;168;10131601884;S
20240416;101403;1295.8;93;10131601885;S
20240416;101403;1295.8;3;10131601886;S
20240416;101403;1295.8;3;10131601887;S
20240416;101405;1295.8;1;10131602225;B
20240416;101405;1296;83;10131602226;B
20240416;101410;1295.8;20;10131603054;S
20240416;101410;1295.8;167;10131603055;S
20240416;101410;1295.8;48;10131603056;S
20240416;101410;1295.6;2;10131603057;S
20240416;101410;1295.6;122;10131603058;S
20240416;101412;1296;117;10131603400;B
20240416;101412;1296;300;10131603401;B
20240416;101412;1296.2;50;10131603402;B
20240416;101412;1296.2;48;10131603403;B
20240416;101412;1296.2;138;10131603404;B
20240416;101412;1296.4;189;10131603405;B
20240416;101412;1296.4;93;10131603406;B
20240416;101412;1296.6;15;10131603407;B
20240416;101412;1296.6;50;10131603408;B
20240416;101412;1296.6;2;10131603524;B
20240416;101413;1296.2;93;10131603556;S
20240416;101413;1296.2;7;10131603557;S
20240416;101414;1296.2;93;10131603819;S
20240416;101414;1296;9;10131603820;S
20240416;101414;1296;98;10131603821;S
20240416;101415;1296.6;5;10131603922;B
20240416;101417;1296.6;138;10131604360;B
20240416;101417;1296.8;47;10131604361;B
20240416;101417;1297.2;92;10131604362;B
20240416;101417;1297.2;200;10131604363;B
20240416;101417;1297.4;10;10131604364;B
20240416;101417;1297.4;92;10131604365;B
20240416;101417;1297.4;40;10131604366;B
20240416;101417;1297.4;138;10131604367;B
20240416;101417;1297.6;60;10131604368;B
20240416;101417;1297.6;45;10131604369;B
20240416;101419;1297.6;5;10131604666;B
20240416;101421;1297.6;4;10131605029;S
20240416;101422;1297.6;56;10131605300;S
20240416;101422;1297.6;47;10131605301;S
20240416;101422;1297.4;8;10131605302;S
20240416;101422;1297.2;12;10131605303;S
20240416;101422;1297.2;32;10131605304;S
20240416;101425;1297.8;3;10131605763;B
20240416;101426;1297.8;10;10131605905;B
20240416;101428;1297.8;2;10131606141;B
20240416;101431;1297.8;2;10131606667;B
20240416;101432;1297.8;36;10131606791;B
20240416;101432;1298;14;10131606792;B
20240416;101432;1298;15;10131606793;B
20240416;101432;1298;12;10131606794;B
20240416;101434;1297.6;1;10131607084;B
20240416;101434;1297.8;24;10131607085;B
20240416;101439;1297.8;6;10131608039;S
20240416;101441;1297.8;3;10131608372;S
20240416;101441;1297.8;3;10131608373;S
20240416;101441;1297.6;6;10131608374;S
20240416;101442;1298;1;10131608512;B
20240416;101448;1297.8;1;10131609433;S
20240416;101448;1297.6;9;10131609434;S
20240416;101450;1298;1;10131609826;B
20240416;101452;1297.8;5;10131610141;S
20240416;101452;1297.8;10;10131610142;S
20240416;101452;1297.6;7;10131610143;S
20240416;101452;1297.6;1;10131610144;S
20240416;101452;1297.6;5;10131610145;S
20240416;101452;1297.6;46;10131610146;S
20240416;101452;1297.6;162;10131610147;S
20240416;101452;1297.4;5;10131610148;S
20240416;101452;1297.4;200;10131610149;S
20240416;101452;1297.4;1;10131610150;S
20240416;101452;1297.4;1;10131610151;S
20240416;101452;1297;12;10131610152;S
20240416;101452;1297;29;10131610153;S
20240416;101452;1296.8;16;10131610154;S
20240416;101452;1296.8;12;10131610190;S
20240416;101454;1297.4;4;10131610557;B
20240416;101454;1297.4;1;10131610593;B
20240416;101454;1297.4;1;10131610598;B
20240416;101457;1297.4;3;10131611123;B
20240416;101458;1297.4;1;10131611271;B
20240416;101459;1296.8;10;10131611447;S
20240416;101500;1296.8;34;10131611697;S
20240416;101500;1296.8;15;10131611698;S
20240416;101500;1296.8;46;10131611699;S
20240416;101500;1296.6;15;10131611700;S
20240416;101500;1296.6;1;10131611828;S
20240416;101501;1297;4;10131611883;B
20240416;101501;1297;30;10131612066;B
20240416;101503;1297;8;10131612278;B
20240416;101506;1297;51;10131613006;B
20240416;101513;1297.2;1;10131614688;B
20240416;101515;1297.2;7;10131615445;B
20240416;101518;1297;267;10131616131;S
20240416;101518;1297.2;4;10131616150;B
20240416;101519;1297.2;7;10131616253;B
20240416;101519;1297.4;2;10131616254;B
20240416;101519;1297.4;46;10131616255;B
20240416;101519;1297.6;70;10131616256;B
20240416;101521;1297.6;1;10131616835;B
20240416;101527;1297.2;93;10131618450;S
20240416;101527;1297.2;7;10131618451;S
20240416;101529;1297;5;10131619021;S
20240416;101531;1297.2;20;10131619571;B
20240416;101531;1297.2;1;10131619583;B
20240416;101532;1297.2;10;10131619909;B
20240416;101532;1297;3;10131619951;S
20240416;101534;1297.2;20;10131620519;B
20240416;101535;1297.2;30;10131620828;B
20240416;101536;1297;1;10131621091;S
20240416;101540;1297.2;1;10131621959;S
20240416;101540;1297;3;10131621960;S
20240416;101542;1297;93;10131622521;S
20240416;101542;1297;169;10131622522;S
20240416;101542;1297;95;10131622523;S
20240416;101542;1297;67;10131622527;S
20240416;101545;1297;1;10131623102;S
20240416;101549;1297.2;50;10131624265;S
20240416;101549;1297.2;47;10131624266;S
20240416;101549;1297;3;10131624267;S
20240416;101557;1297.2;1;10131626088;S
20240416;101557;1297.4;1;10131626127;B
20240416;101558;1297;5;10131626172;S
20240416;101559;1297.4;1;10131626555;B
20240416;101606;1297.4;10;10131628411;B
20240416;101607;1297.4;81;10131628566;B
20240416;101607;1297.6;11;10131628567;B
20240416;101607;1297.6;1;10131628568;B
20240416;101607;1297.6;1;10131628569;B
20240416;101607;1297.6;6;10131628570;B
20240416;101608;1297;40;10131628884;S
20240416;101614;1297.6;19;10131630539;B
20240416;101617;1297;39;10131631128;S
20240416;101617;1297;158;10131631137;S
20240416;101617;1297;1;10131631138;S
20240416;101617;1297;1;10131631139;S
20240416;101617;1297;10;10131631140;S
20240416;101617;1297;1;10131631141;S
20240416;101617;1297;50;10131631142;S
20240416;101617;1297;50;10131631143;S
20240416;101617;1297;5;10131631144;S
20240416;101617;1297;3;10131631145;S
20240416;101617;1297;1;10131631146;S
20240416;101617;1297;1;10131631147;S
20240416;101617;1297;1;10131631148;S
20240416;101617;1297;1;10131631149;S
20240416;101617;1297;160;10131631150;S
20240416;101617;1297;6;10131631151;S
20240416;101617;1297;10;10131631152;S
20240416;101617;1297;10;10131631153;S
20240416;101617;1297;46;10131631154;S
20240416;101619;1297;1;10131631574;B
20240416;101619;1297;2;10131631577;B
20240416;101619;1297;10;10131631631;B
20240416;101620;1297;1;10131631742;B
20240416;101620;1297;1;10131631785;B
20240416;101621;1296.8;2;10131632093;S
20240416;101621;1296.8;3;10131632094;S
20240416;101621;1297;1;10131632147;B
20240416;101627;1296.8;1;10131633775;S
20240416;101628;1296.8;20;10131634101;S
20240416;101631;1297;1;10131634929;B
20240416;101633;1297;2;10131635240;B
20240416;101634;1296.8;7;10131635467;S
20240416;101634;1296.8;10;10131635688;S
20240416;101634;1296.8;45;10131635689;S
20240416;101634;1296.8;155;10131635690;S
20240416;101638;1296.8;7;10131636533;B
20240416;101638;1297;21;10131636534;B
20240416;101638;1297;9;10131636535;B
20240416;101638;1297;93;10131636536;B
20240416;101638;1297;45;10131636537;B
20240416;101638;1297.2;141;10131636538;B
20240416;101638;1297.2;32;10131636539;B
20240416;101638;1297.4;152;10131636540;B
20240416;101640;1296.8;2;10131637065;S
20240416;101640;1297.2;1;10131637137;B
20240416;101643;1297;1;10131637685;S
20240416;101643;1297.4;1;10131637799;B
20240416;101648;1297.4;1;10131638944;B
20240416;101648;1297;2;10131638954;S
20240416;101652;1297.2;138;10131639684;S
20240416;101654;1297.6;1;10131640241;B
20240416;101654;1297.2;36;10131640301;S
20240416;101656;1297.2;1;10131640841;B
20240416;101658;1297;1;10131641444;S
20240416;101658;1297;1;10131641445;S
20240416;101700;1297;299;10131641848;S
20240416;101700;1297;148;10131641849;S
20240416;101700;1297;2;10131641850;S
20240416;101700;1297.2;92;10131641965;B
20240416;101700;1297.2;154;10131641966;B
20240416;101703;1297.4;5;10131642555;B
20240416;101707;1297.4;413;10131643682;B
20240416;101707;1297.4;72;10131643683;B
20240416;101707;1297.4;63;10131643684;B
20240416;101707;1297.6;60;10131643685;B
20240416;101707;1297.8;60;10131643686;B
20240416;101707;1298;2;10131643687;B
20240416;101707;1298;2;10131643688;B
20240416;101707;1298;2;10131643689;B
20240416;101707;1298;5;10131643690;B
20240416;101707;1298;24;10131643691;B
20240416;101707;1298;47;10131643692;B
20240416;101707;1297.6;63;10131643789;B
20240416;101708;1297.4;78;10131643812;S
20240416;101711;1298;10;10131644582;B
20240416;101712;1297.6;25;10131644769;S
20240416;101714;1297.6;38;10131645106;S
20240416;101714;1297.6;43;10131645107;S
20240416;101714;1297.6;4;10131645108;S
20240416;101717;1298;50;10131645913;B
20240416;101720;1298.2;130;10131646402;B
20240416;101723;1298;2;10131647046;S
20240416;101724;1298.2;5;10131647149;B
20240416;101724;1298.2;20;10131647173;B
20240416;101730;1298.2;1;10131648208;B
20240416;101731;1298.2;10;10131648235;B
20240416;101733;1298.2;10;10131648601;B
20240416;101735;1298;5;10131649245;S
20240416;101735;1298;93;10131649246;S
20240416;101735;1298;3;10131649247;S
20240416;101735;1298;43;10131649248;S
20240416;101735;1298;1;10131649249;S
20240416;101738;1298.2;24;10131649916;B
20240416;101738;1298.4;42;10131649917;B
20240416;101739;1298.6;3;10131650008;B
20240416;101743;1298.4;172;10131650754;S
20240416;101743;1298.4;42;10131650755;S
20240416;101743;1298.4;144;10131650756;S
20240416;101745;1298.2;3;10131650960;S
20240416;101745;1298.2;4;10131651099;S
20240416;101751;1298.4;1;10131652261;B
20240416;101752;1298.2;193;10131652428;S
20240416;101752;1298.2;143;10131652429;S
20240416;101758;1298.2;2;10131653415;B
20240416;101759;1298;1;10131653663;S
20240416;101805;1298.2;40;10131654729;B
20240416;101805;1298.2;93;10131654730;B
20240416;101805;1298.2;37;10131654731;B
20240416;101805;1298.2;78;10131654732;B
20240416;101805;1298.4;92;10131654733;B
20240416;101805;1298.4;10;10131654734;B
20240416;101805;1298.4;60;10131654735;B
20240416;101805;1298.4;60;10131654736;B
20240416;101805;1298.6;13;10131654737;B
20240416;101805;1298.6;17;10131654738;B
20240416;101805;1298.4;1;10131654825;B
20240416;101808;1298.2;38;10131655199;S
20240416;101813;1298.6;8;10131655900;B
20240416;101814;1298.4;1;10131656128;S
20240416;101814;1298.6;1;10131656162;B
20240416;101814;1298.2;22;10131656328;S
20240416;101814;1298.2;33;10131656329;S
20240416;101814;1298.2;73;10131656330;S
20240416;101816;1298.2;100;10131656680;B
20240416;101817;1298.2;3;10131656769;B
20240416;101818;1298.2;4;10131656880;B
20240416;101818;1298.2;1;10131656887;B
20240416;101819;1298.2;9;10131657152;B
20240416;101821;1298.2;1;10131657438;B
20240416;101822;1298;6;10131657730;S
20240416;101822;1298;12;10131657731;S
20240416;101822;1298;1;10131657732;S
20240416;101822;1298;2;10131657733;S
20240416;101822;1298;50;10131657734;S
20240416;101822;1298;1;10131657735;S
20240416;101822;1298;20;10131657736;S
20240416;101822;1298;2;10131657737;S
20240416;101822;1298;33;10131657738;S
20240416;101822;1298;10;10131657739;S
20240416;101822;1298;101;10131657740;S
20240416;101822;1298;63;10131657749;S
20240416;101822;1297.8;19;10131657750;S
20240416;101827;1298;20;10131658638;S
20240416;101838;1298;1;10131661281;S
20240416;101840;1298.2;4;10131661622;B
20240416;101840;1298.2;11;10131661623;B
20240416;101840;1298.2;125;10131661624;B
20240416;101844;1298.6;138;10131662659;B
20240416;101845;1298.2;1;10131662759;S
20240416;101847;1298.2;5;10131663162;S
20240416;101848;1298.6;4;10131663307;B
20240416;101851;1298.6;3;10131663797;B
20240416;101854;1298.6;10;10131664285;B
20240416;101858;1298.6;19;10131664894;B
20240416;101858;1298.6;12;10131664895;B
20240416;101858;1298.6;1;10131664896;B
20240416;101858;1298.6;60;10131664897;B
20240416;101858;1298.6;7;10131664898;B
20240416;101858;1298.8;77;10131664899;B
20240416;101858;1298.8;5;10131664900;B
20240416;101858;1298.8;50;10131664901;B
20240416;101858;1298.8;40;10131664902;B
20240416;101858;1298.8;15;10131664903;B
20240416;101858;1298.8;92;10131664904;B
20240416;101858;1298.8;32;10131664905;B
20240416;101858;1299;90;10131664906;B
20240416;101858;1299;8;10131665003;B
20240416;101900;1299;2;10131665347;B
20240416;101900;1299;98;10131665348;B
20240416;101900;1298.8;1;10131665375;S
20240416;101900;1298.8;4;10131665515;S
20240416;101901;1299;1;10131665666;B
20240416;101901;1299;1;10131665672;B
20240416;101901;1299;31;10131665673;B
20240416;101901;1299.2;5;10131665674;B
20240416;101901;1299;108;10131665675;S
20240416;101901;1299;33;10131665676;S
20240416;101901;1299;93;10131665677;S
20240416;101904;1299;52;10131666105;B
20240416;101904;1299.2;48;10131666106;B
20240416;101904;1299;8;10131666136;S
20240416;101905;1299;2;10131666187;S
20240416;101906;1299;2;10131666592;S
20240416;101906;1299;1;10131666842;S
20240416;101916;1299.2;5;10131668466;B
20240416;101916;1299.2;1;10131668588;B
20240416;101920;1299;2;10131669218;S
20240416;101921;1299.2;21;10131669410;B
20240416;101922;1299.2;1;10131669551;B
20240416;101922;1299;4;10131669590;S
20240416;101925;1299.2;1;10131669886;B
20240416;101925;1299.2;3;10131669913;B
20240416;101925;1299.2;150;10131669914;B
20240416;101925;1299.2;60;10131669915;B
20240416;101925;1299.2;93;10131669916;B
20240416;101934;1299.2;15;10131671051;S
20240416;101935;1299.2;2;10131671289;S
20240416;101935;1299.2;1;10131671290;S
20240416;101935;1299;25;10131671291;S
20240416;101935;1299.4;14;10131671331;B
20240416;101942;1299.4;6;10131672412;B
20240416;101942;1299.4;13;10131672413;B
20240416;101943;1299.4;26;10131672610;B
20240416;101943;1299.4;21;10131672671;B
20240416;101946;1299.6;1;10131673579;B
20240416;101951;1299.6;1;10131674374;B
20240416;101951;1299.6;92;10131674375;B
20240416;101951;1299.6;42;10131674376;B
20240416;101951;1299.6;33;10131674377;B
20240416;101951;1299.6;60;10131674378;B
20240416;101951;1299.8;11;10131674379;B
20240416;101951;1299.8;5;10131674380;B
20240416;101951;1299.8;92;10131674381;B
20240416;101951;1299.8;100;10131674382;B
20240416;101951;1300;100;10131674383;B
20240416;101951;1300;10;10131674384;B
20240416;101951;1300;7;10131674385;B
20240416;101951;1300;50;10131674386;B
20240416;101951;1300;2;10131674387;B
20240416;101951;1300;2;10131674388;B
20240416;101951;1300;93;10131674389;B
20240416;101951;1300;257;10131674412;B
20240416;101951;1300;300;10131674413;B
20240416;101951;1300;300;10131674414;B
20240416;101951;1300;50;10131674415;B
20240416;101951;1300;10;10131674416;B
20240416;101951;1300;5;10131674417;B
20240416;101951;1300;92;10131674418;B
20240416;101951;1300;60;10131674419;B
20240416;101951;1300;78;10131674420;B
20240416;101953;1300;239;10131674752;S
20240416;101956;1300.2;1;10131675358;B
20240416;101958;1300.2;99;10131675601;B
20240416;101958;1300.2;1;10131675602;B
20240416;101958;1300.4;50;10131675603;B
20240416;101958;1300.4;1;10131675604;B
20240416;101958;1300.4;1;10131675605;B
20240416;101958;1300.4;1;10131675606;B
20240416;101958;1300.4;1;10131675607;B
20240416;101958;1300.4;4;10131675608;B
20240416;101958;1300.4;1;10131675609;B
20240416;101958;1300.4;91;10131675610;B
20240416;101958;1300.2;9;10131675699;S
20240416;102000;1300.2;20;10131676056;S
20240416;102001;1300.4;88;10131676132;B
20240416;102001;1300.4;12;10131676133;B
20240416;102001;1300.2;125;10131676275;S
20240416;102001;1300.2;34;10131676276;S
20240416;102001;1300;608;10131676277;S
20240416;102005;1300;4;10131676799;S
20240416;102006;1300.2;100;10131677096;B
20240416;102007;1300;2;10131677182;S
20240416;102009;1300.2;8;10131677679;B
20240416;102009;1300;10;10131677980;S
20240416;102009;1300;1;10131677981;S
20240416;102009;1300;1;10131677982;S
20240416;102009;1300;1;10131677983;S
20240416;102009;1300;1;10131677984;S
20240416;102009;1300;1;10131677985;S
20240416;102009;1300;1;10131677986;S
20240416;102009;1300;1;10131677987;S
20240416;102009;1300;30;10131677988;S
20240416;102009;1300;5;10131677989;S
20240416;102009;1300;109;10131677990;S
20240416;102010;1300;60;10131678110;B
20240416;102010;1300;40;10131678111;B
20240416;102011;1300;4;10131678302;B
20240416;102011;1300;4;10131678321;B
20240416;102011;1300;4;10131678339;B
20240416;102011;1300;4;10131678355;B
20240416;102011;1300;4;10131678398;B
20240416;102011;1300;4;10131678407;B
20240416;102011;1300;4;10131678428;B
20240416;102011;1300;4;10131678437;B
20240416;102011;1300;4;10131678463;B
20240416;102011;1300;3;10131678471;B
20240416;102012;1300;5;10131678528;B
20240416;102025;1300;60;10131685394;B
20240416;102025;1300;1;10131685395;B
20240416;102025;1300;10;10131685396;B
20240416;102026;1300;1;10131685618;S
20240416;102027;1300.2;1;10131685985;B
20240416;102027;1300.2;6;10131685986;B
20240416;102027;1300.2;1;10131685987;B
20240416;102027;1300.2;60;10131685988;B
20240416;102027;1300.2;75;10131685989;B
20240416;102027;1300.4;38;10131685990;B
20240416;102027;1300.4;1;10131685991;B
20240416;102027;1300.4;92;10131685992;B
20240416;102027;1300.6;1;10131685993;B
20240416;102027;1300.6;4;10131685994;B
20240416;102027;1300.6;25;10131685995;B
20240416;102027;1300.2;6;10131686002;S
20240416;102027;1300.2;6;10131686013;S
20240416;102027;1300.2;6;10131686022;S
20240416;102028;1300;108;10131686235;S
20240416;102028;1300;16;10131686236;S
20240416;102028;1300;1;10131686237;S
20240416;102038;1300;11;10131691326;S
20240416;102038;1299.8;50;10131691351;S
20240416;102043;1299.8;2;10131692398;B
20240416;102046;1299.8;1;10131693960;B
20240416;102046;1299.6;13;10131693996;S
20240416;102046;1299.6;33;10131693997;S
20240416;102046;1299.6;1;10131693998;S
20240416;102046;1299.6;44;10131693999;S
20240416;102046;1299.4;60;10131694000;S
20240416;102046;1299.4;108;10131694001;S
20240416;102046;1299.2;92;10131694002;S
20240416;102046;1299.2;216;10131694003;S
20240416;102046;1299.2;6;10131694004;S
20240416;102046;1299;1;10131694005;S
20240416;102046;1299;5;10131694006;S
20240416;102046;1299;6;10131694007;S
20240416;102046;1299;50;10131694008;S
20240416;102046;1299;92;10131694009;S
20240416;102046;1299;16;10131694010;S
20240416;102046;1299;384;10131694011;S
20240416;102046;1299;12;10131694012;S
20240416;102046;1298.8;92;10131694013;S
20240416;102046;1298.8;15;10131694014;S
20240416;102046;1298.8;25;10131694015;S
20240416;102046;1298.8;60;10131694016;S
20240416;102046;1298.8;40;10131694017;S
20240416;102046;1298.8;138;10131694018;S
20240416;102046;1298.6;130;10131694019;S
20240416;102046;1298.4;600;10131694020;S
20240416;102046;1298.4;60;10131694021;S
20240416;102046;1298.2;1;10131694022;S
20240416;102046;1298.2;1;10131694023;S
20240416;102046;1298;50;10131694024;S
20240416;102046;1298;1;10131694025;S
20240416;102046;1298;1;10131694026;S
20240416;102046;1298;600;10131694027;S
20240416;102046;1298;385;10131694028;S
20240416;102047;1298.2;6;10131694073;B
20240416;102051;1298.4;1;10131694699;B
20240416;102054;1298.4;1;10131696739;B
20240416;102055;1298.4;1;10131697000;B
20240416;102055;1298.4;9;10131697001;B
20240416;102055;1298.4;10;10131697009;B
20240416;102055;1298.2;10;10131697020;B
20240416;102055;1298.2;10;10131697033;B
20240416;102056;1298.2;10;10131697061;B
20240416;102056;1298.2;10;10131697072;B
20240416;102056;1298.2;10;10131697079;B
20240416;102056;1298.2;10;10131697089;B
20240416;102056;1298.2;10;10131697106;B
20240416;102056;1298.2;9;10131697161;B
20240416;102057;1298.2;2;10131697335;B
20240416;102102;1298;21;10131698051;S
20240416;102107;1298.4;5;10131701661;B
20240416;102108;1298.4;1;10131701731;B
20240416;102108;1298;71;10131701844;S
20240416;102108;1298;106;10131701845;S
20240416;102108;1298;1;10131701846;S
20240416;102108;1298;32;10131701847;S
20240416;102108;1298;10;10131701848;S
20240416;102108;1298;138;10131701849;S
20240416;102121;1298;1;10131705483;S
20240416;102122;1298.4;5;10131705562;B
20240416;102126;1298.4;4;10131706400;B
20240416;102130;1298;91;10131709076;S
20240416;102130;1298;9;10131709077;S
20240416;102132;1298;1;10131709579;S
20240416;102132;1298;1;10131709580;S
20240416;102132;1298;1;10131709581;S
20240416;102132;1298;10;10131709582;S
20240416;102132;1298;2;10131709583;S
20240416;102132;1298;24;10131709596;S
20240416;102132;1298;6;10131709597;S
20240416;102138;1298;1;10131712375;B
20240416;102142;1297.8;1;10131713059;S
20240416;102142;1297.8;1;10131713060;S
20240416;102142;1297.8;1;10131713061;S
20240416;102142;1297.8;92;10131713062;S
20240416;102142;1297.8;32;10131713063;S
20240416;102142;1297.8;2;10131713064;S
20240416;102142;1297.8;93;10131713065;S
20240416;102143;1298;2;10131713167;B
20240416;102143;1298;10;10131713168;B
20240416;102143;1298;14;10131713169;B
20240416;102143;1298;154;10131713170;B
20240416;102143;1298.2;60;10131713171;B
20240416;102143;1298.2;32;10131713172;B
20240416;102143;1298.2;205;10131713173;B
20240416;102144;1298.2;3;10131713423;B
20240416;102144;1298;93;10131713441;B
20240416;102144;1298.2;113;10131713442;B
20240416;102144;1298.2;154;10131713443;B
20240416;102144;1298.2;32;10131713444;B
20240416;102144;1298.4;12;10131713445;B
20240416;102144;1298.4;146;10131713446;B
20240416;102144;1298.6;1;10131713558;B
20240416;102154;1298.4;32;10131717124;S
20240416;102154;1298.4;103;10131717125;S
20240416;102155;1298.4;2;10131718178;B
20240416;102158;1298.2;6;10131718529;S
20240416;102203;1298.2;87;10131720668;S
20240416;102203;1298.2;154;10131720669;S
20240416;102203;1298.2;190;10131720670;S
20240416;102203;1298.2;32;10131720671;S
20240416;102206;1298.4;3;10131721228;B
20240416;102206;1298.4;7;10131721229;B
20240416;102207;1298.4;1;10131721399;B
20240416;102207;1298.2;32;10131721727;S
20240416;102209;1298;3;10131722717;S
20240416;102209;1298;6;10131722720;S
20240416;102210;1298;1;10131722962;S
20240416;102210;1298;5;10131722963;S
20240416;102210;1298;29;10131722964;S
20240416;102217;1298.2;1;10131724373;B
20240416;102225;1298.2;2;10131727346;B
20240416;102232;1298.2;30;10131730047;B
20240416;102239;1298.2;2;10131732177;B
20240416;102240;1298;73;10131732229;S
20240416;102240;1298;10;10131732230;S
20240416;102240;1298;1;10131732231;S
20240416;102240;1298;31;10131732232;S
20240416;102240;1298;5;10131732233;S
20240416;102240;1298;2;10131732234;S
20240416;102240;1298;3;10131732235;S
20240416;102240;1298;50;10131732236;S
20240416;102240;1298;2;10131732237;S
20240416;102240;1298;1;10131732238;S
20240416;102240;1298;1;10131732239;S
20240416;102240;1298;2;10131732240;S
20240416;102240;1298;500;10131732241;S
20240416;102240;1298;3;10131732242;S
20240416;102240;1298;9;10131732243;S
20240416;102240;1298;138;10131732244;S
20240416;102240;1297.8;92;10131732245;S
20240416;102240;1297.8;5;10131732246;S
20240416;102240;1297.8;1;10131732247;S
20240416;102240;1297.6;3;10131732248;S
20240416;102240;1297.6;2;10131732249;S
20240416;102240;1297.6;92;10131732250;S
20240416;102240;1297.6;12;10131732251;S
20240416;102240;1297.4;150;10131732252;S
20240416;102240;1297.4;10;10131732253;S
20240416;102240;1297.4;2;10131732254;S
20240416;102240;1297.4;8;10131732255;S
20240416;102240;1297.4;92;10131732256;S
20240416;102240;1297.4;60;10131732257;S
20240416;102240;1297.2;1;10131732258;S
20240416;102240;1297.2;78;10131732259;S
20240416;102240;1297;1;10131732260;S
20240416;102240;1297;2;10131732261;S
20240416;102240;1297;5;10131732262;S
20240416;102240;1297;3;10131732263;S
20240416;102241;1297.6;4;10131733122;B
20240416;102244;1297.6;1;10131734060;B
20240416;102251;1297.6;1;10131735664;B
20240416;102252;1297.6;10;10131735781;B
20240416;102256;1297.2;20;10131737321;S
20240416;102257;1297.2;2;10131737577;S
20240416;102300;1297.2;5;10131739506;S
20240416;102300;1297;11;10131739507;S
20240416;102309;1297;6;10131741027;S
20240416;102309;1297;1;10131741028;S
20240416;102309;1297;70;10131741029;S
20240416;102316;1297.2;10;10131743613;B
20240416;102316;1297.4;31;10131743614;B
20240416;102316;1297.4;9;10131743615;B
20240416;102316;1297.4;33;10131743626;B
20240416;102317;1297.4;1;10131743725;B
20240416;102318;1297.4;4;10131744118;B
20240416;102322;1297.4;2;10131744519;B
20240416;102325;1297;31;10131745033;S
20240416;102325;1297;2;10131745034;S
20240416;102325;1297;1;10131745035;S
20240416;102325;1297;1;10131745036;S
20240416;102325;1297;21;10131745037;S
20240416;102331;1297.4;1;10131748016;B
20240416;102339;1297;9;10131750770;S
20240416;102339;1297;2;10131750771;S
20240416;102339;1297;1;10131750772;S
20240416;102339;1297;5;10131750773;S
20240416;102339;1297;1;10131750774;S
20240416;102339;1297;1;10131750775;S
20240416;102339;1297;1;10131750776;S
20240416;102339;1297;3;10131750777;S
20240416;102339;1297;1;10131750778;S
20240416;102339;1297;4;10131750779;S
20240416;102339;1297;22;10131750781;S
20240416;102339;1297;1;10131750782;S
20240416;102339;1297;1;10131750783;S
20240416;102339;1297;4;10131750784;S
20240416;102340;1297;2;10131751151;S
20240416;102340;1296.8;1;10131751152;S
20240416;102343;1297;50;10131751640;B
20240416;102344;1297;30;10131751777;B
20240416;102345;1297;1;10131751839;B
20240416;102348;1296.8;40;10131752473;S
20240416;102348;1297;1;10131753512;B
20240416;102352;1297;28;10131755644;B
20240416;102352;1297;45;10131755645;B
20240416;102352;1297;33;10131755646;B
20240416;102354;1297;67;10131755865;B
20240416;102354;1297;31;10131755866;B
20240416;102354;1297;177;10131755867;B
20240416;102354;1297;60;10131755868;B
20240416;102354;1297;2;10131755869;B
20240416;102409;1297.2;1;10131759819;B
20240416;102409;1297.2;4;10131759820;B
20240416;102410;1297.2;32;10131759940;S
20240416;102415;1297.2;2;10131762940;S
20240416;102417;1297.2;1;10131763375;S
20240416;102419;1297.4;1;10131763563;B
20240416;102419;1297.4;1;10131763567;B
20240416;102421;1297.2;15;10131764141;S
20240416;102421;1297.2;37;10131764142;S
20240416;102424;1297.2;1;10131765329;B
20240416;102427;1297.2;20;10131765907;B
20240416;102432;1297.2;3;10131767123;B
20240416;102441;1297;35;10131770718;S
20240416;102443;1297.2;1;10131770874;B
20240416;102447;1297.2;1;10131773031;B
20240416;102453;1297.2;1;10131775757;B
20240416;102502;1297.2;1;10131780188;B
20240416;102504;1297.2;1;10131783293;B
20240416;102506;1297.2;1;10131785222;B
20240416;102506;1297;151;10131785311;S
20240416;102507;1297;7;10131787165;S
20240416;102509;1297.2;1;10131788258;B
20240416;102512;1297.2;3;10131791203;B
20240416;102513;1297.2;9;10131792721;B
20240416;102513;1297.2;7;10131792767;B
20240416;102514;1297.2;5;10131793393;B
20240416;102516;1297.2;5;10131795258;B
20240416;102516;1297.2;33;10131795259;B
20240416;102517;1297.2;10;10131798290;B
20240416;102517;1297;20;10131798487;S
20240416;102520;1297;11;10131800801;S
20240416;102522;1297.2;4;10131802344;B
20240416;102522;1297.2;15;10131802769;B
20240416;102523;1297.2;30;10131802938;B
20240416;102524;1297.2;1;10131804542;B
20240416;102526;1297.2;6;10131805948;B
20240416;102527;1297.2;80;10131807257;B
20240416;102528;1297;200;10131807713;S
20240416;102534;1297;12;10131813468;S
20240416;102536;1297.2;1;10131815321;B
20240416;102537;1297.2;86;10131816286;B
20240416;102539;1297;2;10131819385;S
20240416;102547;1297.2;8;10131826341;B
20240416;102550;1297;3;10131829596;S
20240416;102554;1297;17;10131832906;S
20240416;102555;1297.2;2;10131833970;B
20240416;102557;1297.2;1;10131835951;B
20240416;102558;1297.2;1;10131836726;B
20240416;102604;1297.2;1;10131843066;B
20240416;102605;1297;15;10131844535;S
20240416;102608;1297.2;30;10131847333;B
20240416;102608;1297;1;10131847401;S
20240416;102615;1297.2;8;10131852944;B
20240416;102617;1297.2;423;10131855429;B
20240416;102617;1297.2;49;10131855430;B
20240416;102617;1297.2;13;10131855431;B
20240416;102617;1297.2;41;10131855432;B
20240416;102617;1297.2;60;10131855433;B
20240416;102617;1297.2;50;10131855434;B
20240416;102617;1297.2;25;10131855435;B
20240416;102617;1297.2;19;10131855436;B
20240416;102617;1297.4;11;10131855441;B
20240416;102617;1297.4;600;10131855442;B
20240416;102617;1297.4;2;10131855443;B
20240416;102617;1297.4;60;10131855444;B
20240416;102617;1297.6;673;10131855459;B
20240416;102617;1297.6;35;10131855461;B
20240416;102618;1297.6;292;10131855876;B
20240416;102618;1297.8;12;10131855880;B
