<DATE>;<TIME>;<LAST>;<VOL>;<ID>;<OPER>
20240222;095954;1358.800000000;1;9691720881;S
20240222;095954;1358.800000000;2;9691720882;S
20240222;095954;1358.800000000;3;9691720883;B
20240222;095954;1358.800000000;94;9691720884;B
20240222;095954;1358.800000000;10;9691720885;S
20240222;095954;1358.800000000;13;9691720886;S
20240222;095954;1358.800000000;1;9691720887;S
20240222;095954;1358.800000000;1;9691720888;S
20240222;095954;1358.800000000;1;9691720889;S
20240222;095954;1358.800000000;10;9691720890;S
20240222;095954;1358.800000000;12;9691720891;S
20240222;095954;1358.800000000;40;9691720892;S
20240222;095954;1358.800000000;1;9691720893;B
20240222;095954;1358.800000000;2;9691720894;S
20240222;095954;1358.800000000;1;9691720895;B
20240222;095954;1358.800000000;1;9691720896;B
20240222;095954;1358.800000000;1;9691720897;B
20240222;095954;1358.800000000;1;9691720898;B
20240222;095954;1358.800000000;1;9691720899;B
20240222;095954;1358.800000000;1;9691720900;B
20240222;095954;1358.800000000;2;9691720901;B
20240222;095954;1358.800000000;63;9691720902;B
20240222;095954;1358.800000000;58;9691720903;S
20240222;095954;1358.800000000;2;9691720904;S
20240222;095954;1358.800000000;1684;9691720905;S
20240222;095954;1358.800000000;1;9691720906;S
20240222;095954;1358.800000000;2;9691720907;S
20240222;095954;1358.800000000;45;9691720908;S
20240222;095954;1358.800000000;1;9691720909;S
20240222;095954;1358.800000000;7;9691720910;S
20240222;095954;1358.800000000;1;9691720911;S
20240222;095954;1358.800000000;25;9691720912;S
20240222;095954;1358.800000000;1;9691720913;S
20240222;095954;1358.800000000;22;9691720914;S
20240222;095954;1358.800000000;1;9691720915;S
20240222;095954;1358.800000000;2;9691720916;S
20240222;095954;1358.800000000;1;9691720917;S
20240222;095954;1358.800000000;12;9691720918;S
20240222;095954;1358.800000000;2;9691720919;S
20240222;095954;1358.800000000;2;9691720920;S
20240222;095954;1358.800000000;1;9691720921;S
20240222;095954;1358.800000000;20;9691720922;S
20240222;095954;1358.800000000;1;9691720923;B
20240222;095954;1358.800000000;1;9691720924;B
20240222;095954;1358.800000000;3;9691720925;B
20240222;095954;1358.800000000;1;9691720926;B
20240222;095954;1358.800000000;5;9691720927;S
20240222;095954;1358.800000000;17;9691720928;S
20240222;095954;1358.800000000;1;9691720929;S
20240222;095954;1358.800000000;7;9691720930;S
20240222;095954;1358.800000000;10;9691720931;S
20240222;095954;1358.800000000;1;9691720932;S
20240222;095954;1358.800000000;3;9691720933;S
20240222;095954;1358.800000000;1;9691720934;S
20240222;095954;1358.800000000;21;9691720935;S
20240222;095954;1358.800000000;10;9691720936;S
20240222;095954;1358.800000000;2;9691720937;S
20240222;095954;1358.800000000;1;9691720938;S
20240222;095954;1358.800000000;1;9691720939;S
20240222;095954;1358.800000000;1;9691720940;S
20240222;095954;1358.800000000;1;9691720941;S
20240222;095954;1358.800000000;2;9691720942;S
20240222;095954;1358.800000000;1;9691720943;S
20240222;095954;1358.800000000;7;9691720944;S
20240222;095954;1358.800000000;1;9691720945;S
20240222;095954;1358.800000000;1;9691720946;S
20240222;095954;1358.800000000;2;9691720947;S
20240222;095954;1358.800000000;1;9691720948;S
20240222;095954;1358.800000000;3;9691720949;S
20240222;095954;1358.800000000;13;9691720950;S
20240222;095954;1358.800000000;334;9691720951;B
20240222;095954;1358.800000000;1;9691720952;S
20240222;095954;1358.800000000;10;9691720953;B
20240222;095954;1358.800000000;3;9691720954;B
20240222;095954;1358.800000000;8;9691720955;B
20240222;095954;1358.800000000;1;9691720956;S
20240222;095954;1358.800000000;1;9691720957;S
20240222;095954;1358.800000000;1;9691720958;S
20240222;095954;1358.800000000;10;9691720959;S
20240222;095954;1358.800000000;5;9691720960;S
20240222;095954;1358.800000000;1;9691720961;S
20240222;095954;1358.800000000;4;9691720962;S
20240222;095954;1358.800000000;1;9691720963;S
20240222;095954;1358.800000000;20;9691720964;S
20240222;095954;1358.800000000;4;9691720965;S
20240222;095954;1358.800000000;1;9691720966;B
20240222;095954;1358.800000000;2;9691720967;S
20240222;095954;1358.800000000;2;9691720968;S
20240222;095954;1358.800000000;3;9691720969;S
20240222;095954;1358.800000000;1;9691720970;S
20240222;095954;1358.800000000;2;9691720971;S
20240222;095954;1358.800000000;1;9691720972;S
20240222;095954;1358.800000000;1;9691720973;S
20240222;095954;1358.800000000;1;9691720974;S
20240222;095954;1358.800000000;30;9691720975;S
20240222;095954;1358.800000000;5;9691720976;S
20240222;095954;1358.800000000;2;9691720977;B
20240222;095954;1358.800000000;3;9691720978;B
20240222;095954;1358.800000000;40;9691720979;B
20240222;095954;1358.800000000;6;9691720980;B
20240222;095954;1358.800000000;800;9691720981;S
20240222;095954;1358.800000000;4;9691720982;S
20240222;095954;1358.800000000;100;9691720983;S
20240222;095954;1358.800000000;2;9691720984;S
20240222;095954;1358.800000000;2;9691720985;S
20240222;095954;1358.800000000;1;9691720986;S
20240222;095954;1358.800000000;1;9691720987;S
20240222;095954;1358.800000000;4;9691720988;S
20240222;095954;1358.800000000;1;9691720989;S
20240222;095954;1358.800000000;3;9691720990;S
20240222;095954;1358.800000000;1;9691720991;S
20240222;095954;1358.800000000;1;9691720992;S
20240222;095954;1358.800000000;1;9691720993;S
20240222;095954;1358.800000000;2000;9691720994;S
20240222;095954;1358.800000000;200;9691720995;S
20240222;095954;1358.800000000;1;9691720996;S
20240222;095954;1358.800000000;3;9691720997;S
20240222;095954;1358.800000000;1;9691720998;S
20240222;095954;1358.800000000;1;9691720999;S
20240222;095954;1358.800000000;3;9691721000;S
20240222;095954;1358.800000000;10;9691721001;S
20240222;095954;1358.800000000;10;9691721002;S
20240222;095954;1358.800000000;2;9691721003;S
20240222;095954;1358.800000000;18;9691721004;S
20240222;095954;1358.800000000;5;9691721005;S
20240222;095954;1358.800000000;2;9691721006;S
20240222;095954;1358.800000000;1;9691721007;S
20240222;095954;1358.800000000;22;9691721008;S
20240222;095954;1358.800000000;320;9691721009;S
20240222;095954;1358.800000000;300;9691721010;S
20240222;095954;1358.800000000;1;9691721011;S
20240222;095954;1358.800000000;5;9691721012;S
20240222;095954;1358.800000000;1;9691721013;S
20240222;095954;1358.800000000;45;9691721014;B
20240222;095954;1358.800000000;2;9691721015;B
20240222;100000;1358.800000000;58;9691721993;B
20240222;100000;1358.800000000;5;9691722073;B
20240222;100000;1358.800000000;4;9691722074;B
20240222;100000;1359.200000000;100;9691722204;B
20240222;100000;1359.200000000;47;9691722205;B
20240222;100000;1359.800000000;1;9691722294;B
20240222;100000;1359.800000000;1;9691722295;B
20240222;100000;1359.800000000;1;9691722297;B
20240222;100000;1359.800000000;1;9691722298;B
20240222;100000;1359.800000000;1;9691722316;B
20240222;100000;1359.800000000;1;9691722317;B
20240222;100000;1359.800000000;1;9691722364;B
20240222;100000;1359.800000000;1;9691722365;B
20240222;100000;1359.800000000;1;9691722380;B
20240222;100000;1359.800000000;1;9691722382;B
20240222;100000;1359.800000000;1;9691722386;B
20240222;100000;1359.800000000;1;9691722387;B
20240222;100000;1359.800000000;1;9691722388;B
20240222;100000;1359.800000000;1;9691722389;B
20240222;100000;1359.800000000;1;9691722390;B
20240222;100000;1359.800000000;1;9691722391;B
20240222;100000;1359.800000000;1;9691722395;B
20240222;100000;1359.800000000;1;9691722396;B
20240222;100000;1359.800000000;1;9691722397;B
20240222;100000;1359.800000000;1;9691722398;B
20240222;100000;1359.800000000;1;9691722406;B
20240222;100000;1359.800000000;1;9691722407;B
20240222;100000;1359.800000000;1;9691722410;B
20240222;100000;1359.800000000;1;9691722411;B
20240222;100000;1359.800000000;26;9691722415;B
20240222;100000;1359.800000000;56;9691722416;B
20240222;100000;1359.800000000;42;9691722528;B
20240222;100001;1360.000000000;40;9691722900;B
20240222;100001;1360.000000000;58;9691722901;B
20240222;100001;1360.000000000;102;9691722902;B
20240222;100001;1360.400000000;58;9691722978;B
20240222;100001;1361.200000000;53;9691723829;B
20240222;100001;1361.200000000;5;9691723830;B
20240222;100001;1361.200000000;37;9691723831;B
20240222;100002;1361.000000000;100;9691724915;B
20240222;100002;1361.000000000;228;9691725117;B
20240222;100002;1361.000000000;24;9691725118;B
20240222;100002;1361.200000000;58;9691725119;B
20240222;100002;1361.200000000;18;9691725133;S
20240222;100003;1361.400000000;7;9691725573;B
20240222;100003;1361.400000000;7;9691725576;B
20240222;100003;1361.400000000;44;9691725620;B
20240222;100003;1361.400000000;58;9691725626;B
20240222;100003;1361.600000000;1;9691725627;B
20240222;100003;1361.600000000;58;9691725628;B
20240222;100003;1361.600000000;25;9691725629;B
20240222;100003;1361.800000000;58;9691725631;B
20240222;100003;1361.800000000;42;9691725632;B
20240222;100004;1361.600000000;4;9691726460;B
20240222;100004;1361.600000000;4;9691726478;B
20240222;100005;1361.600000000;50;9691726503;B
20240222;100005;1362.000000000;5;9691726898;B
20240222;100006;1360.400000000;1;9691727586;S
20240222;100006;1361.400000000;2;9691727926;B
20240222;100007;1361.800000000;1;9691728101;B
20240222;100007;1361.800000000;1;9691728392;B
20240222;100007;1361.800000000;1;9691728562;B
20240222;100007;1361.800000000;10;9691728563;B
20240222;100008;1361.800000000;2;9691729013;B
20240222;100008;1360.400000000;8;9691729014;S
20240222;100008;1361.200000000;1;9691729151;B
20240222;100008;1360.400000000;1;9691729153;S
20240222;100008;1360.600000000;100;9691729257;S
20240222;100008;1360.400000000;140;9691729258;S
20240222;100008;1360.000000000;3;9691729259;S
20240222;100008;1360.000000000;2;9691729260;S
20240222;100008;1360.000000000;58;9691729261;S
20240222;100008;1359.800000000;47;9691729262;S
20240222;100009;1360.600000000;1;9691730102;B
20240222;100009;1361.000000000;1;9691730106;B
20240222;100009;1361.000000000;2;9691730466;B
20240222;100010;1359.800000000;1;9691731110;S
20240222;100010;1360.000000000;1;9691731352;S
20240222;100010;1360.600000000;8;9691731353;B
20240222;100010;1361.000000000;8;9691731355;B
20240222;100010;1361.000000000;1;9691731357;B
20240222;100010;1361.000000000;8;9691731370;B
20240222;100011;1360.000000000;57;9691731448;S
20240222;100011;1359.800000000;13;9691731449;S
20240222;100011;1359.800000000;58;9691731450;S
20240222;100011;1359.800000000;72;9691731451;S
20240222;100011;1360.600000000;3;9691731670;B
20240222;100012;1360.800000000;22;9691732011;B
20240222;100012;1361.000000000;61;9691732184;B
20240222;100012;1361.000000000;13;9691732185;B
20240222;100012;1361.000000000;226;9691732186;B
20240222;100016;1361.200000000;2;9691733113;B
20240222;100019;1360.000000000;13;9691734168;S
20240222;100020;1361.200000000;1;9691734452;B
20240222;100021;1361.200000000;2;9691734689;B
20240222;100022;1361.200000000;1;9691734913;B
20240222;100022;1361.200000000;25;9691734991;B
20240222;100024;1360.400000000;2;9691735408;S
20240222;100024;1360.400000000;7;9691735424;S
20240222;100024;1361.000000000;25;9691735481;B
20240222;100024;1361.200000000;13;9691735482;B
20240222;100024;1361.200000000;146;9691735483;B
20240222;100024;1361.400000000;58;9691735484;B
20240222;100024;1361.600000000;58;9691735485;B
20240222;100024;1361.600000000;450;9691735486;B
20240222;100025;1360.800000000;3;9691735575;S
20240222;100027;1361.000000000;13;9691736054;S
20240222;100027;1361.000000000;1;9691736055;S
20240222;100027;1361.000000000;26;9691736056;S
20240222;100028;1361.000000000;1;9691736303;B
20240222;100029;1361.000000000;15;9691736515;B
20240222;100031;1361.000000000;200;9691736985;B
20240222;100033;1360.800000000;1;9691737409;S
20240222;100034;1360.800000000;1;9691737770;B
20240222;100035;1360.800000000;1;9691737996;B
20240222;100038;1360.400000000;25;9691738456;S
20240222;100038;1360.600000000;1;9691738473;S
20240222;100038;1360.800000000;1;9691738736;B
20240222;100039;1360.400000000;3;9691738759;S
20240222;100039;1360.800000000;6;9691738936;B
20240222;100040;1360.800000000;100;9691739211;B
20240222;100042;1360.800000000;126;9691739675;B
20240222;100042;1361.000000000;174;9691739676;B
20240222;100043;1361.000000000;3;9691739975;B
20240222;100044;1361.000000000;1;9691740191;B
20240222;100044;1360.600000000;146;9691740238;S
20240222;100044;1360.600000000;1;9691740239;S
20240222;100044;1360.400000000;3;9691740240;S
20240222;100044;1360.400000000;100;9691740241;S
20240222;100044;1360.200000000;1;9691740242;S
20240222;100044;1360.000000000;25;9691740243;S
20240222;100044;1360.000000000;100;9691740245;B
20240222;100044;1359.800000000;100;9691740248;S
20240222;100044;1359.800000000;46;9691740250;S
20240222;100044;1359.800000000;54;9691740251;S
20240222;100048;1360.000000000;20;9691741243;B
20240222;100052;1359.800000000;1;9691742138;B
20240222;100053;1359.800000000;1;9691742146;B
20240222;100054;1359.800000000;54;9691742389;B
20240222;100054;1360.000000000;46;9691742390;B
20240222;100054;1360.000000000;9;9691742471;B
20240222;100058;1359.800000000;1;9691743498;B
20240222;100059;1359.600000000;4;9691743646;S
20240222;100100;1359.800000000;1;9691743847;B
20240222;100100;1359.800000000;1;9691743867;B
20240222;100103;1359.600000000;5;9691744446;S
20240222;100103;1359.800000000;16;9691744537;B
20240222;100103;1360.000000000;284;9691744538;B
20240222;100103;1360.000000000;3;9691744579;B
20240222;100104;1359.800000000;31;9691744689;S
20240222;100104;1359.800000000;147;9691744690;S
20240222;100104;1359.800000000;22;9691744691;S
20240222;100105;1360.000000000;2;9691745024;B
20240222;100105;1360.000000000;1;9691745025;B
20240222;100106;1359.800000000;3;9691745344;S
20240222;100106;1359.800000000;28;9691745394;S
20240222;100106;1359.800000000;39;9691745420;S
20240222;100106;1359.800000000;3;9691745508;S
20240222;100106;1359.800000000;24;9691745535;S
20240222;100106;1359.800000000;17;9691745538;S
20240222;100106;1359.800000000;17;9691745570;S
20240222;100106;1359.800000000;5;9691745619;S
20240222;100106;1359.800000000;3;9691745637;S
20240222;100106;1359.800000000;3;9691745646;S
20240222;100107;1359.800000000;5;9691745687;S
20240222;100107;1359.800000000;17;9691745688;S
20240222;100107;1359.800000000;31;9691745714;S
20240222;100107;1359.400000000;1;9691745784;S
20240222;100107;1359.400000000;1;9691745786;S
20240222;100108;1360.000000000;7;9691746111;B
20240222;100114;1360.000000000;2;9691747464;B
20240222;100116;1360.000000000;20;9691747866;B
20240222;100119;1359.800000000;40;9691748406;S
20240222;100119;1360.000000000;1;9691748515;B
20240222;100120;1360.000000000;7;9691748950;B
20240222;100123;1360.000000000;1;9691749539;B
20240222;100123;1360.000000000;2;9691749543;B
20240222;100123;1360.000000000;20;9691749570;B
20240222;100125;1360.000000000;10;9691749998;B
20240222;100128;1359.800000000;4;9691750602;S
20240222;100128;1360.000000000;70;9691750668;B
20240222;100129;1360.000000000;10;9691750857;B
20240222;100131;1360.000000000;58;9691751209;B
20240222;100132;1360.000000000;5;9691751270;B
20240222;100134;1360.000000000;1;9691751897;B
20240222;100135;1360.000000000;15;9691752140;B
20240222;100135;1359.800000000;9;9691752221;S
20240222;100136;1360.000000000;1;9691752418;B
20240222;100138;1360.000000000;1;9691752785;B
20240222;100139;1359.800000000;4;9691753126;S
20240222;100141;1359.800000000;1;9691753441;S
20240222;100144;1360.000000000;1;9691754099;B
20240222;100146;1359.800000000;5;9691754417;S
20240222;100147;1360.000000000;1;9691754670;B
20240222;100147;1360.000000000;26;9691754737;B
20240222;100147;1360.000000000;14;9691754738;B
20240222;100148;1360.000000000;1;9691754975;B
20240222;100148;1360.000000000;5;9691754976;B
20240222;100148;1360.000000000;5;9691754977;B
20240222;100150;1359.800000000;10;9691755359;S
20240222;100150;1360.000000000;353;9691755365;B
20240222;100152;1360.000000000;5;9691755580;B
20240222;100152;1360.000000000;5;9691755743;B
20240222;100154;1360.000000000;1;9691756014;B
20240222;100154;1360.000000000;1;9691756055;B
20240222;100155;1359.800000000;9;9691756452;S
20240222;100156;1360.000000000;40;9691756555;B
20240222;100157;1360.000000000;1;9691756907;B
20240222;100200;1360.000000000;200;9691757562;B
20240222;100200;1360.000000000;1;9691757727;B
20240222;100200;1360.000000000;16;9691757805;B
20240222;100200;1360.000000000;10;9691757841;B
20240222;100202;1360.000000000;3;9691758345;B
20240222;100202;1360.000000000;1;9691758455;B
20240222;100203;1360.000000000;147;9691758611;B
20240222;100203;1360.000000000;5;9691758678;B
20240222;100204;1360.000000000;1;9691758729;B
20240222;100204;1360.000000000;7;9691758815;B
20240222;100204;1360.000000000;7;9691758826;B
20240222;100204;1360.000000000;10;9691758944;B
20240222;100204;1360.000000000;4;9691758956;B
20240222;100204;1360.000000000;4;9691758963;B
20240222;100205;1360.000000000;100;9691759117;B
20240222;100206;1359.800000000;30;9691759332;S
20240222;100207;1359.800000000;100;9691759604;S
20240222;100208;1360.000000000;1;9691759868;B
20240222;100211;1360.000000000;15;9691760372;B
20240222;100211;1360.000000000;1;9691760536;B
20240222;100211;1360.000000000;1;9691760545;B
20240222;100213;1360.000000000;5;9691760996;B
20240222;100214;1360.000000000;38;9691761149;B
20240222;100214;1360.000000000;38;9691761165;B
20240222;100214;1360.000000000;11;9691761183;B
20240222;100214;1360.000000000;11;9691761208;B
20240222;100214;1360.000000000;228;9691761212;B
20240222;100215;1360.000000000;4;9691761349;B
20240222;100215;1360.000000000;4;9691761442;B
20240222;100215;1360.000000000;22;9691761637;B
20240222;100217;1360.000000000;22;9691762009;B
20240222;100218;1360.000000000;4;9691762215;B
20240222;100218;1360.000000000;4;9691762238;B
20240222;100219;1360.000000000;10;9691762614;B
20240222;100219;1360.000000000;4;9691762664;B
20240222;100219;1360.000000000;4;9691762675;B
20240222;100220;1360.000000000;228;9691762929;B
20240222;100220;1360.000000000;1;9691762951;B
20240222;100221;1359.800000000;1;9691763213;S
20240222;100221;1360.000000000;1;9691763308;B
20240222;100222;1360.000000000;5;9691763360;B
20240222;100222;1360.000000000;4;9691763455;B
20240222;100222;1360.000000000;4;9691763463;B
20240222;100222;1360.000000000;100;9691763516;B
20240222;100222;1360.000000000;2;9691763517;B
20240222;100223;1360.000000000;4;9691763633;B
20240222;100223;1360.000000000;4;9691763637;B
20240222;100223;1360.000000000;60;9691763660;B
20240222;100223;1360.000000000;5;9691763691;B
20240222;100223;1360.000000000;15;9691763855;B
20240222;100223;1360.000000000;15;9691763893;B
20240222;100223;1360.000000000;6;9691763901;B
20240222;100223;1360.000000000;37;9691763904;B
20240222;100223;1360.000000000;37;9691763940;B
20240222;100223;1360.000000000;1;9691764036;B
20240222;100224;1360.000000000;1;9691764065;B
20240222;100224;1360.000000000;1;9691764090;B
20240222;100224;1360.000000000;2;9691764152;B
20240222;100225;1360.000000000;31;9691764432;B
20240222;100225;1360.000000000;31;9691764465;B
20240222;100225;1360.000000000;13;9691764476;B
20240222;100227;1360.000000000;43;9691764734;B
20240222;100227;1360.000000000;4;9691764735;B
20240222;100227;1360.000000000;10;9691764736;B
20240222;100227;1361.000000000;1;9691764779;B
20240222;100228;1361.000000000;2;9691765260;B
20240222;100229;1361.000000000;3;9691765442;B
20240222;100230;1361.000000000;1;9691765659;B
20240222;100230;1361.000000000;1;9691765670;B
20240222;100232;1361.000000000;1;9691766327;B
20240222;100233;1360.800000000;1;9691766717;S
20240222;100236;1361.000000000;1;9691767313;B
20240222;100237;1361.000000000;2;9691767544;B
20240222;100237;1361.000000000;1;9691767558;B
20240222;100238;1361.000000000;2;9691767630;B
20240222;100238;1361.000000000;19;9691767695;B
20240222;100238;1361.000000000;1;9691767784;B
20240222;100238;1360.800000000;58;9691767829;S
20240222;100238;1360.800000000;70;9691767830;S
20240222;100238;1360.600000000;58;9691767831;S
20240222;100238;1360.600000000;100;9691767832;S
20240222;100238;1360.400000000;58;9691767833;S
20240222;100238;1360.400000000;25;9691767834;S
20240222;100238;1360.200000000;146;9691767835;S
20240222;100238;1360.000000000;1;9691767836;S
20240222;100238;1360.000000000;10;9691767837;S
20240222;100238;1360.000000000;16;9691767838;S
20240222;100238;1360.000000000;5;9691767839;S
20240222;100238;1359.800000000;87;9691767840;S
20240222;100238;1359.800000000;1;9691767841;S
20240222;100238;1359.800000000;2;9691767842;S
20240222;100238;1359.800000000;4;9691767843;S
20240222;100238;1359.800000000;32;9691767844;S
20240222;100238;1359.800000000;7;9691767845;S
20240222;100238;1359.800000000;1;9691767846;S
20240222;100238;1359.800000000;52;9691767847;S
20240222;100238;1359.600000000;107;9691767848;S
20240222;100238;1359.600000000;221;9691767849;S
20240222;100238;1359.400000000;700;9691767850;S
20240222;100238;1359.200000000;5;9691767851;S
20240222;100238;1359.000000000;1;9691767852;S
20240222;100238;1359.000000000;5;9691767853;S
20240222;100238;1359.000000000;10;9691767854;S
20240222;100238;1358.800000000;5;9691767855;S
20240222;100238;1358.800000000;10;9691767856;S
20240222;100238;1358.800000000;500;9691767857;S
20240222;100238;1358.800000000;10;9691767858;S
20240222;100238;1358.800000000;1;9691767859;S
20240222;100238;1358.800000000;4;9691767860;S
20240222;100238;1358.600000000;2;9691767861;S
20240222;100238;1358.600000000;1;9691767862;S
20240222;100238;1358.600000000;1;9691767863;S
20240222;100238;1358.600000000;6;9691767864;S
20240222;100238;1358.600000000;2;9691767865;S
20240222;100238;1358.600000000;1;9691767866;S
20240222;100238;1358.600000000;1;9691767867;S
20240222;100238;1358.600000000;3;9691767868;S
20240222;100238;1358.400000000;80;9691767869;S
20240222;100238;1358.400000000;250;9691767870;S
20240222;100238;1358.200000000;10;9691767871;S
20240222;100238;1358.200000000;3;9691767872;S
20240222;100238;1358.200000000;11;9691767873;S
20240222;100238;1358.200000000;3;9691767874;S
20240222;100238;1358.200000000;70;9691767875;S
20240222;100238;1358.200000000;244;9691767876;S
20240222;100238;1359.200000000;58;9691767883;S
20240222;100238;1359.000000000;42;9691767884;S
20240222;100241;1360.400000000;8;9691768626;B
20240222;100241;1360.600000000;1;9691768627;B
20240222;100242;1360.600000000;5;9691768772;B
20240222;100243;1360.000000000;49;9691769057;B
20240222;100245;1360.000000000;10;9691769748;B
20240222;100247;1360.000000000;5;9691770186;B
20240222;100247;1360.000000000;100;9691770195;B
20240222;100248;1360.000000000;20;9691770308;B
20240222;100249;1360.000000000;1;9691770539;B
20240222;100253;1360.000000000;8;9691771545;B
20240222;100254;1360.000000000;1;9691771716;B
20240222;100254;1360.000000000;37;9691771836;B
20240222;100254;1360.000000000;37;9691771877;B
20240222;100255;1360.000000000;38;9691771956;B
20240222;100255;1360.000000000;38;9691772000;B
20240222;100255;1360.000000000;1993;9691772108;B
20240222;100255;1360.000000000;7;9691772109;B
20240222;100255;1360.000000000;1;9691772156;B
20240222;100256;1360.000000000;27;9691772297;B
20240222;100256;1360.000000000;1;9691772462;B
20240222;100258;1360.000000000;30;9691772809;B
20240222;100259;1360.000000000;1;9691772862;B
20240222;100300;1360.000000000;100;9691773304;B
20240222;100300;1360.000000000;1;9691773392;B
20240222;100301;1360.000000000;2;9691773502;B
20240222;100302;1360.000000000;1;9691773648;B
20240222;100302;1360.000000000;20;9691773836;B
20240222;100302;1359.800000000;1;9691773838;S
20240222;100302;1360.000000000;1;9691773883;B
20240222;100303;1360.000000000;1;9691774166;B
20240222;100304;1360.000000000;5;9691774345;B
20240222;100304;1359.800000000;1;9691774366;S
20240222;100305;1360.000000000;1;9691774534;B
20240222;100305;1360.000000000;5;9691774608;B
20240222;100306;1360.000000000;10;9691774682;B
20240222;100306;1360.000000000;100;9691774687;B
20240222;100306;1360.000000000;10;9691774805;B
20240222;100306;1360.000000000;7;9691774810;B
20240222;100306;1360.000000000;2;9691774850;B
20240222;100308;1360.000000000;10;9691775152;B
20240222;100308;1360.000000000;1;9691775195;B
20240222;100308;1359.800000000;5;9691775311;S
20240222;100309;1360.000000000;20;9691775515;B
20240222;100310;1360.000000000;1;9691775606;B
20240222;100310;1360.000000000;1;9691775618;B
20240222;100311;1360.000000000;100;9691775839;B
20240222;100311;1360.000000000;1;9691775840;B
20240222;100313;1360.000000000;1;9691776169;B
20240222;100314;1360.000000000;1;9691776372;B
20240222;100314;1360.000000000;2;9691776478;B
20240222;100315;1360.000000000;2;9691776869;B
20240222;100316;1360.000000000;1;9691776978;B
20240222;100318;1360.000000000;500;9691777558;B
20240222;100319;1360.000000000;8;9691777747;B
20240222;100319;1360.000000000;1;9691777776;B
20240222;100320;1360.000000000;1;9691778008;B
20240222;100320;1359.800000000;2;9691778029;S
20240222;100321;1360.000000000;4;9691778214;B
20240222;100322;1360.000000000;1;9691778373;B
20240222;100322;1359.800000000;1;9691778481;S
20240222;100322;1359.800000000;1;9691778482;S
20240222;100322;1359.800000000;15;9691778483;S
20240222;100323;1360.000000000;10;9691778554;B
20240222;100323;1359.800000000;43;9691778637;S
20240222;100323;1359.800000000;7;9691778638;S
20240222;100324;1360.000000000;8;9691779577;B
20240222;100326;1359.800000000;1;9691780011;S
20240222;100326;1359.800000000;10;9691780059;S
20240222;100326;1360.000000000;17;9691780060;B
20240222;100326;1360.000000000;1;9691780110;B
20240222;100326;1360.000000000;705;9691780123;B
20240222;100326;1359.800000000;10;9691780149;S
20240222;100327;1360.000000000;1;9691780290;B
20240222;100327;1360.000000000;10;9691780292;B
20240222;100328;1360.000000000;9;9691780454;B
20240222;100333;1360.000000000;1;9691781646;B
20240222;100334;1360.000000000;1;9691781864;B
20240222;100335;1360.000000000;1;9691781934;B
20240222;100335;1360.000000000;3;9691782009;B
20240222;100338;1360.000000000;1;9691782610;B
20240222;100340;1360.000000000;1;9691783142;B
20240222;100340;1360.000000000;1;9691783190;B
20240222;100341;1359.800000000;1;9691783221;S
20240222;100341;1359.800000000;3;9691783360;B
20240222;100341;1359.800000000;2;9691783366;B
20240222;100342;1359.800000000;1;9691783479;B
20240222;100342;1359.800000000;50;9691783605;B
20240222;100343;1359.800000000;1;9691783745;B
20240222;100344;1359.800000000;2;9691784029;B
20240222;100345;1359.800000000;5;9691784077;B
20240222;100345;1359.800000000;100;9691784156;B
20240222;100347;1359.800000000;10;9691784662;B
20240222;100347;1359.800000000;1;9691784732;B
20240222;100350;1359.800000000;1;9691785387;B
20240222;100351;1359.800000000;2;9691785640;B
20240222;100353;1359.800000000;10;9691786112;B
20240222;100354;1359.800000000;13;9691786352;B
20240222;100354;1359.800000000;60;9691786353;B
20240222;100354;1359.800000000;34;9691786359;B
20240222;100354;1359.800000000;1;9691786408;S
20240222;100355;1360.000000000;2;9691786542;B
20240222;100355;1360.000000000;1;9691786564;B
20240222;100356;1360.000000000;38;9691786783;B
20240222;100356;1360.000000000;38;9691786793;B
20240222;100356;1360.000000000;1;9691786927;B
20240222;100356;1359.800000000;5;9691786966;S
20240222;100358;1360.000000000;1;9691787283;B
20240222;100359;1360.000000000;1;9691787681;B
20240222;100400;1360.000000000;10;9691787886;B
20240222;100402;1360.000000000;300;9691788432;B
20240222;100402;1359.800000000;67;9691788604;S
20240222;100403;1360.000000000;4;9691788816;B
20240222;100403;1359.800000000;96;9691788847;S
20240222;100403;1359.800000000;114;9691788848;S
20240222;100404;1360.000000000;130;9691789026;B
20240222;100406;1359.800000000;1;9691789284;S
20240222;100407;1360.000000000;1;9691789572;B
20240222;100407;1360.000000000;2;9691789644;B
20240222;100408;1359.800000000;221;9691789688;S
20240222;100408;1359.800000000;1;9691789689;S
20240222;100408;1359.600000000;2;9691789690;S
20240222;100408;1359.600000000;677;9691789691;S
20240222;100409;1359.800000000;10;9691790006;B
20240222;100410;1359.800000000;1;9691790046;B
20240222;100410;1359.800000000;1;9691790070;B
20240222;100411;1359.800000000;1;9691790451;B
20240222;100411;1359.800000000;1;9691790557;B
20240222;100412;1359.800000000;2;9691790907;B
20240222;100414;1359.800000000;2;9691791236;B
20240222;100414;1359.800000000;29;9691791282;B
20240222;100414;1359.800000000;21;9691791283;B
20240222;100415;1359.800000000;4;9691791412;B
20240222;100415;1360.000000000;16;9691791413;B
20240222;100416;1359.800000000;2;9691791989;B
20240222;100417;1359.800000000;233;9691792092;B
20240222;100417;1359.800000000;25;9691792093;B
20240222;100417;1359.800000000;41;9691792109;S
20240222;100418;1360.000000000;1;9691792472;B
20240222;100419;1360.000000000;100;9691792522;B
20240222;100419;1360.000000000;1;9691792627;B
20240222;100419;1359.800000000;2;9691792650;S
20240222;100421;1360.000000000;24;9691793346;B
20240222;100422;1360.000000000;2;9691793722;B
20240222;100423;1360.000000000;1;9691794026;B
20240222;100427;1360.000000000;2;9691794738;B
20240222;100427;1360.000000000;66;9691794830;B
20240222;100427;1360.000000000;1;9691794832;B
20240222;100429;1360.000000000;1;9691795170;B
20240222;100429;1360.000000000;4;9691795284;B
20240222;100431;1360.000000000;2;9691795809;B
20240222;100432;1360.000000000;2;9691795920;B
20240222;100433;1360.000000000;75;9691796407;B
20240222;100434;1360.000000000;1;9691796611;B
20240222;100434;1360.000000000;13;9691796717;B
20240222;100435;1360.000000000;1;9691796994;B
20240222;100435;1359.800000000;106;9691797027;S
20240222;100437;1360.000000000;10;9691797485;B
20240222;100438;1360.000000000;4;9691797776;B
20240222;100439;1360.000000000;37;9691797940;B
20240222;100439;1360.000000000;18;9691797966;B
20240222;100439;1360.000000000;19;9691797967;B
20240222;100439;1360.000000000;5;9691798153;B
20240222;100440;1360.000000000;5;9691798251;B
20240222;100440;1360.000000000;5;9691798261;B
20240222;100441;1360.000000000;38;9691798358;B
20240222;100441;1360.000000000;38;9691798378;B
20240222;100441;1359.800000000;63;9691798536;S
20240222;100441;1359.800000000;37;9691798537;S
20240222;100441;1360.000000000;2;9691798565;B
20240222;100443;1360.000000000;1;9691798871;B
20240222;100443;1360.000000000;1;9691798930;B
20240222;100443;1360.000000000;1;9691799068;B
20240222;100444;1360.000000000;1;9691799196;B
20240222;100444;1360.000000000;20;9691799309;B
20240222;100445;1360.000000000;3;9691799495;B
20240222;100446;1360.000000000;1;9691799612;B
20240222;100446;1360.000000000;2;9691799647;B
20240222;100447;1360.000000000;1;9691799762;B
20240222;100447;1360.000000000;2;9691799770;B
20240222;100448;1359.800000000;1;9691800124;S
20240222;100448;1359.800000000;1;9691800125;S
20240222;100448;1359.800000000;33;9691800126;S
20240222;100448;1360.000000000;1;9691800287;B
20240222;100449;1359.800000000;41;9691800455;S
20240222;100449;1359.800000000;1;9691800456;S
20240222;100449;1359.800000000;5;9691800457;S
20240222;100449;1359.800000000;2;9691800458;S
20240222;100449;1359.800000000;1;9691800459;S
20240222;100449;1359.800000000;1;9691800460;S
20240222;100449;1359.800000000;1;9691800461;S
20240222;100449;1359.800000000;2;9691800462;S
20240222;100449;1359.800000000;3;9691800463;S
20240222;100449;1359.800000000;8;9691800464;S
20240222;100449;1359.800000000;1;9691800465;S
20240222;100449;1359.800000000;1;9691800466;S
20240222;100451;1359.600000000;180;9691800835;S
20240222;100451;1359.600000000;8;9691800999;S
20240222;100453;1359.800000000;1;9691801463;B
20240222;100453;1359.800000000;1;9691801495;B
20240222;100453;1359.600000000;66;9691801503;S
20240222;100454;1359.600000000;1;9691801655;S
20240222;100457;1359.800000000;1;9691802428;B
20240222;100458;1359.800000000;30;9691802536;B
20240222;100458;1359.800000000;8;9691802537;B
20240222;100459;1359.800000000;1;9691802791;B
20240222;100459;1359.800000000;14;9691802801;B
20240222;100459;1359.800000000;1;9691802802;B
20240222;100459;1359.800000000;15;9691802857;B
20240222;100459;1359.800000000;20;9691802933;B
20240222;100500;1359.800000000;20;9691803210;B
20240222;100502;1359.800000000;1;9691803543;B
20240222;100503;1359.800000000;36;9691803916;B
20240222;100504;1359.800000000;2;9691804013;B
20240222;100504;1359.800000000;5;9691804061;B
20240222;100505;1359.800000000;8;9691804291;B
20240222;100506;1359.800000000;1;9691804398;B
20240222;100506;1359.800000000;10;9691804399;B
20240222;100506;1360.000000000;1;9691804416;B
20240222;100506;1360.000000000;100;9691804454;B
20240222;100507;1360.000000000;4;9691804747;B
20240222;100509;1360.000000000;1;9691805409;B
20240222;100509;1360.000000000;38;9691805477;B
20240222;100512;1360.000000000;1;9691805925;B
20240222;100512;1360.000000000;1;9691805998;B
20240222;100512;1360.000000000;1;9691806027;B
20240222;100512;1360.000000000;7;9691806081;B
20240222;100514;1359.800000000;6;9691806491;S
20240222;100516;1360.000000000;3;9691806789;B
20240222;100517;1360.000000000;1;9691806992;B
20240222;100517;1360.000000000;1;9691807064;B
20240222;100517;1360.000000000;20;9691807100;B
20240222;100518;1360.000000000;2;9691807133;B
20240222;100518;1360.000000000;5;9691807161;B
20240222;100518;1360.000000000;1;9691807203;B
20240222;100518;1360.000000000;4;9691807235;B
20240222;100520;1360.000000000;50;9691807600;B
20240222;100520;1360.000000000;50;9691807798;B
20240222;100521;1360.000000000;1;9691807837;B
20240222;100521;1360.000000000;1;9691807846;B
20240222;100522;1360.000000000;11;9691808012;B
20240222;100523;1360.000000000;1;9691808241;B
20240222;100523;1360.000000000;19;9691808314;B
20240222;100524;1360.000000000;4;9691808413;B
20240222;100524;1360.000000000;2;9691808456;B
20240222;100524;1360.000000000;2;9691808489;B
20240222;100524;1360.000000000;8;9691808557;B
20240222;100525;1360.000000000;19;9691808751;B
20240222;100526;1360.000000000;1;9691808979;B
20240222;100526;1360.000000000;1;9691808984;B
20240222;100526;1360.000000000;1;9691808986;B
20240222;100528;1360.000000000;10;9691809211;B
20240222;100528;1359.800000000;6;9691809276;S
20240222;100529;1360.000000000;1;9691809401;B
20240222;100529;1360.000000000;5;9691809493;B
20240222;100530;1359.800000000;1;9691809551;S
20240222;100530;1360.000000000;2;9691809629;B
20240222;100530;1360.000000000;1;9691809690;B
20240222;100530;1360.000000000;1;9691809694;B
20240222;100530;1359.800000000;35;9691809712;S
20240222;100530;1359.800000000;5;9691809713;S
20240222;100530;1359.800000000;1;9691809714;S
20240222;100530;1359.800000000;85;9691809715;S
20240222;100530;1359.800000000;41;9691809716;S
20240222;100530;1359.800000000;11;9691809717;S
20240222;100532;1359.800000000;3;9691810034;B
20240222;100532;1359.800000000;10;9691810164;B
20240222;100533;1359.800000000;3;9691810427;B
20240222;100535;1359.800000000;1;9691810776;B
20240222;100536;1359.800000000;15;9691810940;B
20240222;100537;1359.800000000;1;9691811289;B
20240222;100538;1359.800000000;20;9691811512;B
20240222;100539;1359.800000000;1;9691811758;B
20240222;100540;1359.800000000;1;9691811825;B
20240222;100540;1359.800000000;15;9691811896;B
20240222;100541;1359.800000000;100;9691811966;B
20240222;100541;1359.800000000;1;9691812071;B
20240222;100542;1359.800000000;10;9691812265;B
20240222;100542;1359.800000000;1;9691812289;B
20240222;100543;1359.800000000;1;9691812328;B
20240222;100543;1359.800000000;3;9691812336;B
20240222;100543;1359.800000000;2;9691812374;B
20240222;100543;1359.600000000;16;9691812522;S
20240222;100544;1359.600000000;10;9691812783;S
20240222;100544;1359.600000000;1;9691812870;S
20240222;100544;1359.600000000;1;9691813200;S
20240222;100544;1359.600000000;17;9691813205;S
20240222;100544;1359.600000000;1;9691813206;S
20240222;100544;1359.600000000;5;9691813207;S
20240222;100544;1359.600000000;2;9691813208;S
20240222;100544;1359.600000000;15;9691813209;S
20240222;100544;1359.600000000;10;9691813210;S
20240222;100544;1359.600000000;2;9691813211;S
20240222;100544;1359.600000000;1;9691813212;S
20240222;100544;1359.600000000;100;9691813213;S
20240222;100544;1359.600000000;28;9691813214;S
20240222;100544;1359.400000000;20;9691813215;S
20240222;100544;1359.400000000;1;9691813216;S
20240222;100544;1359.400000000;2;9691813217;S
20240222;100544;1359.200000000;96;9691813218;S
20240222;100544;1359.200000000;24;9691813228;S
20240222;100544;1359.200000000;15;9691813229;S
20240222;100544;1359.200000000;5;9691813230;S
20240222;100544;1359.200000000;1;9691813231;S
20240222;100544;1359.000000000;1;9691813247;S
20240222;100544;1359.000000000;1;9691813248;S
20240222;100544;1359.000000000;10;9691813249;S
20240222;100544;1359.000000000;1;9691813250;S
20240222;100544;1359.000000000;1;9691813251;S
20240222;100544;1359.000000000;10;9691813252;S
20240222;100544;1359.000000000;9;9691813253;S
20240222;100544;1359.000000000;3;9691813254;S
20240222;100544;1359.000000000;1;9691813255;S
20240222;100544;1359.000000000;1;9691813256;S
20240222;100544;1359.000000000;1;9691813257;S
20240222;100544;1358.800000000;1;9691813261;S
20240222;100544;1358.800000000;1;9691813262;S
20240222;100544;1358.800000000;1;9691813263;S
20240222;100544;1358.800000000;2;9691813264;S
20240222;100544;1358.600000000;1;9691813373;S
20240222;100544;1358.600000000;1000;9691813374;S
20240222;100544;1358.600000000;12;9691813375;S
20240222;100544;1358.600000000;24;9691813376;S
20240222;100544;1358.400000000;819;9691813377;S
20240222;100544;1358.400000000;25;9691813378;S
20240222;100544;1358.400000000;181;9691813417;S
20240222;100544;1358.200000000;6;9691813418;S
20240222;100544;1358.200000000;58;9691813419;S
20240222;100544;1358.200000000;25;9691813420;S
20240222;100544;1358.000000000;1;9691813421;S
20240222;100544;1358.000000000;1;9691813422;S
20240222;100544;1358.000000000;1;9691813423;S
20240222;100544;1358.000000000;1;9691813424;S
20240222;100544;1358.000000000;102;9691813425;S
20240222;100544;1358.200000000;25;9691813429;S
20240222;100544;1358.000000000;198;9691813430;S
20240222;100544;1358.000000000;1;9691813431;S
20240222;100544;1358.000000000;1;9691813432;S
20240222;100544;1358.000000000;50;9691813433;S
20240222;100544;1358.000000000;1;9691813434;S
20240222;100544;1358.000000000;1;9691813435;S
20240222;100544;1358.000000000;2;9691813436;S
20240222;100544;1358.000000000;1;9691813437;S
20240222;100544;1358.000000000;1;9691813438;S
20240222;100544;1358.000000000;1;9691813439;S
20240222;100544;1358.000000000;1;9691813440;S
20240222;100544;1358.000000000;1;9691813441;S
20240222;100544;1358.000000000;1;9691813442;S
20240222;100544;1358.000000000;1;9691813443;S
20240222;100544;1358.000000000;1;9691813444;S
20240222;100544;1358.000000000;19;9691813445;S
20240222;100544;1358.000000000;1;9691813446;S
20240222;100544;1358.000000000;79;9691813447;S
20240222;100544;1358.000000000;700;9691813448;S
20240222;100544;1358.000000000;3;9691813449;S
20240222;100544;1358.000000000;1;9691813450;S
20240222;100544;1357.800000000;3;9691813451;S
20240222;100544;1357.800000000;1;9691813452;S
20240222;100544;1357.600000000;58;9691813453;S
20240222;100544;1357.200000000;1;9691813454;S
20240222;100544;1357.200000000;3;9691813455;S
20240222;100544;1357.200000000;456;9691813456;S
20240222;100544;1357.200000000;58;9691813457;S
20240222;100544;1357.000000000;5;9691813458;S
20240222;100544;1357.000000000;1;9691813459;S
20240222;100544;1357.000000000;1;9691813460;S
20240222;100544;1357.000000000;1;9691813461;S
20240222;100544;1357.000000000;1;9691813462;S
20240222;100544;1357.000000000;1;9691813463;S
20240222;100544;1357.000000000;5;9691813464;S
20240222;100544;1357.000000000;100;9691813465;S
20240222;100544;1357.000000000;58;9691813466;S
20240222;100544;1356.800000000;200;9691813467;S
20240222;100544;1356.800000000;1;9691813468;S
20240222;100544;1356.800000000;58;9691813469;S
20240222;100544;1356.800000000;147;9691813470;S
20240222;100544;1356.600000000;14;9691813471;S
20240222;100544;1356.600000000;70;9691813472;S
20240222;100544;1356.200000000;221;9691813473;S
20240222;100544;1356.000000000;2;9691813474;S
20240222;100544;1356.000000000;20;9691813475;S
20240222;100544;1356.000000000;1;9691813476;S
20240222;100544;1356.000000000;1;9691813477;S
20240222;100544;1356.000000000;3;9691813478;S
20240222;100544;1356.000000000;10;9691813479;S
20240222;100544;1356.000000000;1;9691813480;S
20240222;100544;1356.000000000;1;9691813481;S
20240222;100544;1356.000000000;700;9691813482;S
20240222;100544;1356.000000000;700;9691813483;S
20240222;100544;1355.800000000;1;9691813484;S
20240222;100544;1355.400000000;5;9691813485;S
20240222;100544;1355.400000000;1;9691813486;S
20240222;100544;1355.400000000;1;9691813487;S
20240222;100544;1355.400000000;100;9691813488;S
20240222;100544;1355.200000000;1;9691813489;S
20240222;100544;1355.200000000;1;9691813490;S
20240222;100544;1355.200000000;5;9691813491;S
20240222;100544;1355.200000000;50;9691813492;S
20240222;100544;1355.200000000;4;9691813493;S
20240222;100544;1355.200000000;202;9691813494;S
20240222;100544;1355.000000000;2;9691813495;S
20240222;100544;1355.000000000;2;9691813496;S
20240222;100544;1355.000000000;1;9691813497;S
20240222;100544;1355.000000000;1;9691813498;S
20240222;100544;1355.000000000;1;9691813499;S
20240222;100544;1355.000000000;2;9691813500;S
20240222;100544;1355.000000000;1;9691813501;S
20240222;100544;1355.000000000;4;9691813502;S
20240222;100544;1355.000000000;1;9691813503;S
20240222;100544;1355.000000000;1;9691813504;S
20240222;100544;1355.000000000;10;9691813505;S
20240222;100544;1355.000000000;2;9691813506;S
20240222;100544;1355.000000000;1;9691813507;S
20240222;100544;1355.000000000;3;9691813508;S
20240222;100544;1355.000000000;1;9691813509;S
20240222;100544;1355.000000000;1;9691813510;S
20240222;100544;1355.000000000;1;9691813511;S
20240222;100544;1355.000000000;1;9691813512;S
20240222;100544;1355.000000000;50;9691813513;S
20240222;100544;1355.000000000;1;9691813514;S
20240222;100544;1355.000000000;1;9691813515;S
20240222;100544;1355.000000000;1;9691813516;S
20240222;100544;1355.000000000;1;9691813517;S
20240222;100544;1355.000000000;1;9691813518;S
20240222;100544;1355.000000000;1;9691813519;S
20240222;100544;1355.000000000;1;9691813520;S
20240222;100544;1355.000000000;2;9691813521;S
20240222;100544;1355.000000000;1472;9691813522;S
20240222;100544;1355.000000000;15;9691813523;S
20240222;100544;1355.000000000;10;9691813524;S
20240222;100544;1355.000000000;50;9691813525;S
20240222;100544;1355.000000000;1;9691813526;S
20240222;100544;1355.000000000;1;9691813527;S
20240222;100544;1355.000000000;1;9691813528;S
20240222;100544;1355.000000000;10;9691813529;S
20240222;100544;1355.000000000;5;9691813530;S
20240222;100544;1355.000000000;1;9691813531;S
20240222;100544;1355.000000000;1;9691813532;S
20240222;100544;1355.000000000;1;9691813533;S
20240222;100544;1355.000000000;1;9691813534;S
20240222;100544;1355.000000000;5;9691813535;S
20240222;100544;1355.000000000;120;9691813536;S
20240222;100544;1354.200000000;10;9691813537;S
20240222;100544;1354.200000000;1;9691813538;S
20240222;100544;1354.000000000;2;9691813539;S
20240222;100544;1354.000000000;1;9691813540;S
20240222;100544;1354.000000000;1;9691813541;S
20240222;100544;1354.000000000;5;9691813542;S
20240222;100544;1354.000000000;1;9691813543;S
20240222;100544;1354.000000000;369;9691813544;S
20240222;100544;1354.000000000;1;9691813545;S
20240222;100544;1354.000000000;1;9691813546;S
20240222;100544;1354.000000000;7;9691813547;S
20240222;100544;1354.000000000;2;9691813548;S
20240222;100544;1353.800000000;1;9691813549;S
20240222;100544;1353.800000000;1;9691813550;S
20240222;100544;1353.400000000;10;9691813551;S
20240222;100544;1353.400000000;2;9691813552;S
20240222;100544;1353.400000000;1;9691813553;S
20240222;100544;1353.400000000;1;9691813554;S
20240222;100544;1353.400000000;1;9691813555;S
20240222;100544;1353.400000000;7;9691813556;S
20240222;100544;1353.400000000;1;9691813557;S
20240222;100544;1353.400000000;7;9691813558;S
20240222;100544;1353.400000000;1;9691813559;S
20240222;100544;1353.400000000;1;9691813560;S
20240222;100544;1353.400000000;1;9691813561;S
20240222;100544;1353.400000000;4;9691813562;S
20240222;100544;1353.200000000;2;9691813563;S
20240222;100544;1353.200000000;7;9691813564;S
20240222;100544;1353.200000000;1;9691813565;S
20240222;100544;1353.200000000;1;9691813566;S
20240222;100544;1353.200000000;5;9691813567;S
20240222;100544;1353.200000000;148;9691813568;S
20240222;100544;1353.000000000;3;9691813569;S
20240222;100544;1353.000000000;3;9691813570;S
20240222;100544;1353.000000000;1;9691813571;S
20240222;100544;1353.000000000;1;9691813572;S
20240222;100544;1353.000000000;6612;9691813573;S
20240222;100544;1353.000000000;1;9691813574;S
20240222;100544;1353.000000000;2;9691813575;S
20240222;100544;1353.000000000;369;9691813576;S
20240222;100544;1353.000000000;1;9691813577;S
20240222;100544;1353.000000000;1;9691813578;S
20240222;100544;1353.000000000;1;9691813579;S
20240222;100544;1352.800000000;1;9691813580;S
20240222;100544;1352.400000000;2;9691813581;S
20240222;100544;1352.400000000;5;9691813582;S
20240222;100544;1352.200000000;320;9691813583;S
20240222;100544;1352.000000000;1;9691813584;S
20240222;100544;1352.000000000;1;9691813585;S
20240222;100544;1352.000000000;1;9691813586;S
20240222;100544;1352.000000000;1;9691813587;S
20240222;100544;1352.000000000;1;9691813588;S
20240222;100544;1352.000000000;50;9691813589;S
20240222;100544;1352.000000000;1;9691813590;S
20240222;100544;1352.000000000;2;9691813591;S
20240222;100544;1352.000000000;21;9691813592;S
20240222;100544;1352.000000000;9;9691813593;S
20240222;100544;1352.000000000;5;9691813594;S
20240222;100544;1352.000000000;50;9691813595;S
20240222;100544;1352.000000000;5;9691813596;S
20240222;100544;1352.000000000;1;9691813597;S
20240222;100544;1352.000000000;369;9691813598;S
20240222;100544;1352.000000000;1;9691813599;S
20240222;100544;1351.800000000;10;9691813600;S
20240222;100544;1351.600000000;1;9691813601;S
20240222;100544;1351.200000000;1;9691813602;S
20240222;100544;1351.200000000;11;9691813603;S
20240222;100544;1351.200000000;1;9691813604;S
20240222;100544;1351.200000000;3;9691813605;S
20240222;100544;1351.200000000;1;9691813606;S
20240222;100544;1351.000000000;1;9691813607;S
20240222;100544;1351.000000000;1;9691813608;S
20240222;100544;1351.000000000;1;9691813609;S
20240222;100544;1351.000000000;10;9691813610;S
20240222;100544;1351.000000000;1;9691813611;S
20240222;100544;1351.000000000;2;9691813612;S
20240222;100544;1351.000000000;1;9691813613;S
20240222;100544;1351.000000000;1;9691813614;S
20240222;100544;1351.000000000;70;9691813615;S
20240222;100544;1351.000000000;1;9691813616;S
20240222;100544;1351.000000000;1;9691813617;S
20240222;100544;1351.000000000;1;9691813618;S
20240222;100544;1351.000000000;4;9691813619;S
20240222;100544;1351.000000000;1;9691813620;S
20240222;100544;1351.000000000;1;9691813621;S
20240222;100544;1351.000000000;1;9691813622;S
20240222;100544;1351.000000000;1;9691813623;S
20240222;100544;1351.000000000;1;9691813624;S
20240222;100544;1351.000000000;1;9691813625;S
20240222;100544;1351.000000000;1;9691813626;S
20240222;100544;1351.000000000;1;9691813627;S
20240222;100544;1351.000000000;1;9691813628;S
20240222;100544;1350.800000000;100;9691813629;S
20240222;100544;1350.800000000;1;9691813630;S
20240222;100544;1350.600000000;100;9691813631;S
20240222;100544;1350.600000000;300;9691813632;S
20240222;100544;1350.600000000;1;9691813633;S
20240222;100544;1350.400000000;5;9691813634;S
20240222;100544;1350.400000000;1;9691813635;S
20240222;100544;1350.200000000;1;9691813636;S
20240222;100544;1350.200000000;13;9691813637;S
20240222;100544;1350.200000000;74;9691813638;S
20240222;100544;1350.200000000;1;9691813639;S
20240222;100544;1350.000000000;1;9691813640;S
20240222;100544;1350.000000000;1;9691813641;S
20240222;100544;1350.000000000;1;9691813642;S
20240222;100544;1350.000000000;5;9691813643;S
20240222;100544;1350.000000000;5;9691813644;S
20240222;100544;1350.000000000;3;9691813645;S
20240222;100544;1350.000000000;3;9691813646;S
20240222;100544;1350.000000000;10;9691813647;S
20240222;100544;1350.000000000;1;9691813648;S
20240222;100544;1350.000000000;20;9691813649;S
20240222;100544;1350.000000000;1;9691813650;S
20240222;100544;1350.000000000;1;9691813651;S
20240222;100544;1350.000000000;1;9691813652;S
20240222;100544;1350.000000000;7;9691813653;S
20240222;100544;1350.000000000;20;9691813654;S
20240222;100544;1350.000000000;10;9691813655;S
20240222;100544;1350.000000000;5;9691813656;S
20240222;100544;1350.000000000;10;9691813657;S
20240222;100544;1350.000000000;1;9691813658;S
20240222;100544;1350.000000000;5;9691813659;S
20240222;100544;1350.000000000;10;9691813660;S
20240222;100544;1350.000000000;1;9691813661;S
20240222;100544;1350.000000000;3;9691813662;S
20240222;100544;1350.000000000;1;9691813663;S
20240222;100544;1350.000000000;2;9691813664;S
20240222;100544;1350.000000000;1;9691813665;S
20240222;100544;1350.000000000;1;9691813666;S
20240222;100544;1350.000000000;1;9691813667;S
20240222;100544;1350.000000000;1;9691813668;S
20240222;100544;1350.000000000;1;9691813669;S
20240222;100544;1350.000000000;1;9691813670;S
20240222;100544;1350.000000000;1;9691813671;S
20240222;100544;1350.000000000;1;9691813672;S
20240222;100544;1350.000000000;1;9691813673;S
20240222;100544;1350.000000000;1;9691813674;S
20240222;100544;1350.000000000;1;9691813675;S
20240222;100544;1350.000000000;1;9691813676;S
20240222;100544;1350.000000000;1;9691813677;S
20240222;100544;1350.000000000;2;9691813678;S
20240222;100544;1350.000000000;5;9691813679;S
20240222;100544;1350.000000000;3;9691813680;S
20240222;100544;1350.000000000;5;9691813681;S
20240222;100544;1350.000000000;10;9691813682;S
20240222;100544;1350.000000000;10;9691813683;S
20240222;100544;1350.000000000;3;9691813684;S
20240222;100544;1350.000000000;10;9691813685;S
20240222;100544;1350.000000000;1;9691813686;S
20240222;100544;1350.000000000;1;9691813687;S
20240222;100544;1350.000000000;4;9691813688;S
20240222;100544;1350.000000000;16;9691813689;S
20240222;100544;1350.000000000;3;9691813690;S
20240222;100544;1350.000000000;100;9691813691;S
20240222;100544;1350.000000000;1;9691813692;S
20240222;100544;1350.000000000;5;9691813693;S
20240222;100544;1350.000000000;1;9691813694;S
20240222;100544;1350.000000000;3;9691813695;S
20240222;100544;1350.000000000;1;9691813696;S
20240222;100544;1350.000000000;1;9691813697;S
20240222;100544;1350.000000000;1;9691813698;S
20240222;100544;1350.000000000;50;9691813699;S
20240222;100544;1350.000000000;1;9691813700;S
20240222;100544;1350.000000000;10;9691813701;S
20240222;100544;1350.000000000;30;9691813702;S
20240222;100544;1350.000000000;1;9691813703;S
20240222;100544;1350.000000000;1;9691813704;S
20240222;100544;1350.000000000;3;9691813705;S
20240222;100544;1350.000000000;7;9691813706;S
20240222;100544;1350.000000000;40;9691813707;S
20240222;100544;1350.000000000;1;9691813708;S
20240222;100544;1350.000000000;2;9691813709;S
20240222;100544;1350.000000000;2;9691813710;S
20240222;100544;1350.000000000;10;9691813711;S
20240222;100544;1350.000000000;2;9691813712;S
20240222;100544;1350.000000000;3;9691813713;S
20240222;100544;1350.000000000;8;9691813714;S
20240222;100544;1350.000000000;3;9691813715;S
20240222;100544;1350.000000000;1;9691813716;S
20240222;100544;1350.000000000;2;9691813717;S
20240222;100544;1350.000000000;1;9691813718;S
20240222;100544;1350.000000000;2;9691813719;S
20240222;100544;1350.000000000;3;9691813720;S
20240222;100544;1350.000000000;1;9691813721;S
20240222;100544;1350.000000000;30;9691813722;S
20240222;100544;1350.000000000;5;9691813723;S
20240222;100544;1350.000000000;10;9691813724;S
20240222;100544;1350.000000000;100;9691813725;S
20240222;100544;1350.000000000;4;9691813726;S
20240222;100544;1350.000000000;2;9691813727;S
20240222;100544;1350.000000000;1;9691813728;S
20240222;100544;1350.000000000;1;9691813729;S
20240222;100544;1350.000000000;1;9691813730;S
20240222;100544;1350.000000000;5;9691813731;S
20240222;100544;1350.000000000;8;9691813732;S
20240222;100544;1350.000000000;1;9691813733;S
20240222;100544;1350.000000000;5;9691813734;S
20240222;100544;1350.000000000;3;9691813735;S
20240222;100544;1350.000000000;1;9691813736;S
20240222;100544;1350.000000000;5;9691813737;S
20240222;100544;1350.000000000;1;9691813738;S
20240222;100544;1350.000000000;1;9691813739;S
20240222;100544;1350.000000000;1;9691813740;S
20240222;100544;1350.000000000;10;9691813741;S
20240222;100544;1350.000000000;1;9691813742;S
20240222;100544;1350.000000000;3;9691813743;S
20240222;100544;1350.000000000;2;9691813744;S
20240222;100544;1350.000000000;1;9691813745;S
20240222;100544;1350.000000000;1;9691813746;S
20240222;100544;1350.000000000;1;9691813747;S
20240222;100544;1350.000000000;1;9691813748;S
20240222;100544;1350.000000000;4;9691813749;S
20240222;100544;1350.000000000;1;9691813750;S
20240222;100544;1350.000000000;1;9691813751;S
20240222;100544;1350.000000000;1;9691813752;S
20240222;100544;1350.000000000;10;9691813753;S
20240222;100544;1350.000000000;1;9691813754;S
20240222;100544;1350.000000000;1;9691813755;S
20240222;100544;1350.000000000;1;9691813756;S
20240222;100544;1350.000000000;1;9691813757;S
20240222;100544;1350.000000000;1;9691813758;S
20240222;100544;1350.000000000;1;9691813759;S
20240222;100544;1350.000000000;1;9691813760;S
20240222;100544;1350.000000000;3;9691813761;S
20240222;100544;1350.000000000;4;9691813762;S
20240222;100544;1350.000000000;3;9691813763;S
20240222;100544;1350.000000000;5;9691813764;S
20240222;100544;1350.000000000;3;9691813765;S
20240222;100544;1350.000000000;1;9691813766;S
20240222;100544;1350.000000000;1;9691813767;S
20240222;100544;1350.000000000;1;9691813768;S
20240222;100544;1350.000000000;1;9691813769;S
20240222;100544;1350.000000000;1;9691813770;S
20240222;100544;1350.000000000;28;9691813771;S
20240222;100544;1350.000000000;1;9691813772;S
20240222;100544;1350.000000000;1;9691813773;S
20240222;100544;1350.000000000;1;9691813774;S
20240222;100544;1350.000000000;1;9691813775;S
20240222;100544;1350.000000000;1;9691813776;S
20240222;100544;1350.000000000;1;9691813777;S
20240222;100544;1350.000000000;2;9691813778;S
20240222;100544;1350.000000000;1;9691813779;S
20240222;100544;1350.000000000;1;9691813780;S
20240222;100544;1350.000000000;50;9691813781;S
20240222;100544;1350.000000000;6;9691813782;S
20240222;100544;1350.000000000;1;9691813783;S
20240222;100544;1350.000000000;5;9691813784;S
20240222;100544;1350.000000000;2;9691813785;S
20240222;100544;1349.800000000;2;9691813786;S
20240222;100544;1349.600000000;1;9691813787;S
20240222;100544;1349.400000000;1;9691813788;S
20240222;100544;1349.400000000;150;9691813789;S
20240222;100544;1349.200000000;15;9691813790;S
20240222;100544;1349.000000000;1;9691813791;S
20240222;100544;1349.000000000;1;9691813792;S
20240222;100544;1349.000000000;1;9691813793;S
20240222;100544;1349.000000000;50;9691813794;S
20240222;100544;1349.000000000;1;9691813795;S
20240222;100544;1349.000000000;1;9691813796;S
20240222;100544;1349.000000000;1;9691813797;S
20240222;100544;1349.000000000;1;9691813798;S
20240222;100544;1349.000000000;1;9691813799;S
20240222;100544;1349.000000000;1;9691813800;S
20240222;100544;1349.000000000;1;9691813801;S
20240222;100544;1348.800000000;2;9691813802;S
20240222;100544;1348.600000000;10;9691813803;S
20240222;100544;1348.200000000;20;9691813804;S
20240222;100544;1348.200000000;1;9691813805;S
20240222;100544;1348.200000000;17;9691813806;S
20240222;100544;1348.000000000;1;9691813807;S
20240222;100544;1348.000000000;1;9691813808;S
20240222;100544;1348.000000000;1;9691813809;S
20240222;100544;1348.000000000;33;9691813810;S
20240222;100544;1348.000000000;25;9691813811;S
20240222;100544;1348.000000000;1;9691813812;S
20240222;100544;1348.000000000;1;9691813813;S
20240222;100544;1347.600000000;1;9691813814;S
20240222;100544;1347.400000000;3;9691813815;S
20240222;100544;1347.200000000;1;9691813816;S
20240222;100544;1347.200000000;19;9691813817;S
20240222;100544;1347.000000000;1;9691813818;S
20240222;100544;1347.000000000;1;9691813819;S
20240222;100544;1347.000000000;1;9691813820;S
20240222;100544;1347.000000000;1;9691813821;S
20240222;100544;1347.000000000;15;9691813822;S
20240222;100544;1347.000000000;1;9691813823;S
20240222;100544;1347.000000000;1000;9691813824;S
20240222;100544;1346.600000000;31;9691813825;S
20240222;100544;1346.400000000;10;9691813826;S
20240222;100544;1346.400000000;3;9691813827;S
20240222;100544;1346.200000000;9;9691813828;S
20240222;100544;1346.200000000;21;9691813829;S
20240222;100544;1346.000000000;5;9691813830;S
20240222;100544;1346.000000000;1;9691813831;S
20240222;100544;1346.000000000;1;9691813832;S
20240222;100544;1346.000000000;1;9691813833;S
20240222;100544;1346.000000000;64;9691813835;B
20240222;100544;1346.000000000;179;9691813836;B
20240222;100544;1346.000000000;659;9691813837;B
20240222;100544;1346.000000000;100;9691813838;B
20240222;100544;1346.000000000;100;9691813839;B
20240222;100544;1346.000000000;300;9691813840;B
20240222;100544;1346.000000000;200;9691813841;B
20240222;100544;1346.000000000;300;9691813842;B
20240222;100544;1346.000000000;300;9691813843;B
20240222;100544;1346.000000000;100;9691813844;B
20240222;100544;1346.000000000;100;9691813845;B
20240222;100544;1346.000000000;100;9691813846;B
20240222;100544;1346.000000000;100;9691813847;B
20240222;100544;1346.000000000;100;9691813848;B
20240222;100544;1346.000000000;700;9691813852;B
20240222;100544;1346.000000000;100;9691813853;B
20240222;100544;1346.000000000;100;9691813854;B
20240222;100544;1346.000000000;100;9691813855;B
20240222;100544;1345.800000000;5;9691813856;S
20240222;100544;1345.800000000;58;9691813859;S
20240222;100544;1345.800000000;37;9691813860;S
20240222;100544;1345.800000000;110;9691813861;S
20240222;100544;1345.800000000;111;9691813866;S
20240222;100544;1345.600000000;9;9691813867;S
20240222;100544;1345.600000000;230;9691813868;S
20240222;100544;1345.600000000;8;9691813869;S
20240222;100544;1345.600000000;100;9691813870;B
20240222;100544;1345.600000000;242;9691813871;B
20240222;100544;1346.000000000;158;9691813872;B
20240222;100544;1346.000000000;200;9691813873;B
20240222;100544;1346.000000000;200;9691813874;B
20240222;100544;1346.000000000;300;9691813875;B
20240222;100544;1346.000000000;300;9691813876;B
20240222;100544;1346.000000000;100;9691813877;B
20240222;100544;1346.000000000;2259;9691813882;B
20240222;100544;1346.000000000;1145;9691813883;B
20240222;100544;1346.000000000;2;9691813884;B
20240222;100544;1346.000000000;46;9691813888;B
20240222;100544;1346.000000000;2;9691813893;B
20240222;100544;1346.000000000;10;9691813894;B
20240222;100544;1345.600000000;1;9691813895;B
20240222;100544;1345.600000000;24;9691813896;B
20240222;100544;1345.600000000;58;9691813897;B
20240222;100544;1346.000000000;18;9691813898;B
20240222;100544;1346.000000000;200;9691813899;B
20240222;100544;1346.000000000;100;9691813900;B
20240222;100544;1346.000000000;100;9691813901;B
20240222;100544;1346.000000000;300;9691813902;B
20240222;100544;1346.000000000;100;9691813903;B
20240222;100544;1346.000000000;2;9691813904;B
20240222;100544;1346.000000000;1;9691813905;B
20240222;100544;1345.400000000;5;9691813909;S
20240222;100544;1345.400000000;1;9691813910;S
20240222;100544;1345.200000000;1;9691813911;S
20240222;100544;1345.200000000;3;9691813912;S
20240222;100544;1345.200000000;23;9691813913;S
20240222;100544;1345.000000000;1;9691813914;S
20240222;100544;1345.000000000;1;9691813915;S
20240222;100544;1345.000000000;1;9691813916;S
20240222;100544;1345.000000000;1;9691813917;S
20240222;100544;1345.000000000;1;9691813918;S
20240222;100544;1345.000000000;1;9691813919;S
20240222;100544;1345.000000000;41;9691813920;S
20240222;100544;1345.000000000;1;9691813921;S
20240222;100544;1345.000000000;1;9691813922;S
20240222;100544;1345.000000000;1;9691813923;S
20240222;100544;1345.000000000;1;9691813924;S
20240222;100544;1345.000000000;5;9691813925;S
20240222;100544;1345.000000000;1;9691813926;S
20240222;100544;1345.000000000;2;9691813927;S
20240222;100544;1345.000000000;5;9691813928;S
20240222;100544;1345.000000000;1;9691813929;S
20240222;100544;1345.000000000;12;9691813930;S
20240222;100544;1345.000000000;15;9691813931;S
20240222;100544;1345.000000000;1;9691813932;S
20240222;100544;1345.000000000;30;9691813933;S
20240222;100544;1345.000000000;7;9691813934;S
20240222;100544;1345.000000000;75;9691813935;S
20240222;100544;1345.000000000;1;9691813936;S
20240222;100544;1345.000000000;1;9691813937;S
20240222;100544;1345.000000000;40;9691813938;S
20240222;100544;1345.000000000;5;9691813939;S
20240222;100544;1345.000000000;1;9691813940;S
20240222;100544;1345.000000000;1;9691813941;S
20240222;100544;1345.000000000;2;9691813942;S
20240222;100544;1345.000000000;3;9691813944;B
20240222;100544;1345.000000000;25;9691813945;B
20240222;100544;1345.000000000;25;9691813946;B
20240222;100544;1345.000000000;18;9691813947;B
20240222;100544;1344.600000000;1;9691813948;S
20240222;100544;1344.400000000;7;9691813949;S
20240222;100544;1345.000000000;200;9691813952;B
20240222;100544;1345.000000000;140;9691813953;B
20240222;100544;1345.600000000;25;9691813954;B
20240222;100544;1346.000000000;135;9691813955;B
20240222;100544;1346.000000000;200;9691813957;B
20240222;100544;1345.600000000;58;9691813969;S
20240222;100544;1345.400000000;58;9691813970;S
20240222;100544;1345.200000000;58;9691813971;S
20240222;100544;1344.800000000;100;9691813972;S
20240222;100544;1344.400000000;13;9691813973;S
20240222;100544;1344.200000000;25;9691813974;S
20240222;100544;1344.200000000;19;9691813975;S
20240222;100544;1344.000000000;1;9691813976;S
20240222;100544;1344.000000000;20;9691813977;S
20240222;100544;1344.000000000;2;9691813978;S
20240222;100544;1344.000000000;2;9691813979;S
20240222;100544;1344.000000000;89;9691813980;S
20240222;100544;1346.000000000;200;9691813981;B
20240222;100544;1346.000000000;300;9691813982;B
20240222;100544;1345.800000000;148;9691813996;S
20240222;100544;1346.000000000;100;9691813998;B
20240222;100544;1346.000000000;7;9691813999;B
20240222;100544;1346.000000000;3;9691814017;B
20240222;100544;1346.000000000;6;9691814057;B
20240222;100544;1346.000000000;1;9691814060;B
20240222;100544;1346.000000000;4;9691814095;B
20240222;100544;1346.000000000;24;9691814097;B
20240222;100544;1346.000000000;15;9691814134;B
20240222;100544;1346.000000000;15;9691814135;B
20240222;100544;1346.000000000;54;9691814136;B
20240222;100544;1346.000000000;15;9691814137;B
20240222;100544;1346.000000000;4;9691814138;B
20240222;100545;1345.800000000;100;9691814172;S
20240222;100545;1346.000000000;1;9691814267;B
20240222;100545;1346.000000000;1;9691814275;B
20240222;100545;1346.000000000;100;9691814292;B
20240222;100545;1346.000000000;10;9691814293;B
20240222;100545;1346.000000000;1;9691814351;B
20240222;100545;1345.800000000;10;9691814353;S
20240222;100545;1346.000000000;5;9691814354;B
20240222;100545;1346.000000000;1;9691814355;B
20240222;100545;1346.000000000;31;9691814356;B
20240222;100545;1346.000000000;5;9691814357;B
20240222;100545;1346.000000000;2;9691814358;B
20240222;100545;1346.000000000;1;9691814360;B
20240222;100545;1346.000000000;1;9691814361;B
20240222;100545;1346.000000000;1;9691814362;B
20240222;100545;1345.800000000;12;9691814363;S
20240222;100545;1346.000000000;1;9691814365;B
20240222;100545;1346.000000000;222;9691814366;B
20240222;100545;1346.000000000;15;9691814369;B
20240222;100545;1346.000000000;1;9691814370;B
20240222;100545;1345.800000000;2;9691814371;S
20240222;100545;1346.000000000;1;9691814372;B
20240222;100545;1346.000000000;10;9691814374;B
20240222;100545;1346.000000000;1;9691814378;B
20240222;100545;1346.000000000;4;9691814379;B
20240222;100545;1346.000000000;1;9691814384;B
20240222;100545;1345.800000000;10;9691814385;S
20240222;100545;1345.800000000;1;9691814386;S
20240222;100545;1346.000000000;64;9691814388;B
20240222;100545;1346.000000000;5;9691814389;B
20240222;100545;1346.000000000;21;9691814390;B
20240222;100545;1346.000000000;1;9691814391;B
20240222;100545;1346.000000000;15;9691814392;B
20240222;100545;1346.000000000;3;9691814393;B
20240222;100545;1345.800000000;23;9691814395;S
20240222;100545;1345.800000000;47;9691814396;S
20240222;100545;1345.800000000;50;9691814397;S
20240222;100545;1346.000000000;15;9691814398;B
20240222;100545;1346.000000000;1;9691814400;B
20240222;100545;1346.000000000;5;9691814401;B
20240222;100545;1346.000000000;100;9691814402;B
20240222;100545;1346.000000000;1;9691814403;B
20240222;100545;1346.000000000;1;9691814406;B
20240222;100545;1346.000000000;1;9691814407;B
20240222;100545;1346.000000000;30;9691814408;B
20240222;100545;1346.000000000;20;9691814409;B
20240222;100545;1346.000000000;1;9691814411;B
20240222;100545;1346.000000000;20;9691814412;B
20240222;100545;1346.000000000;1;9691814413;B
20240222;100545;1346.000000000;1;9691814415;B
20240222;100545;1346.000000000;7;9691814416;B
20240222;100545;1346.000000000;1;9691814417;B
20240222;100545;1346.000000000;1;9691814419;B
20240222;100545;1346.000000000;4;9691814420;B
20240222;100545;1346.000000000;4;9691814422;B
20240222;100545;1346.000000000;40;9691814423;B
20240222;100545;1345.800000000;1;9691814424;S
20240222;100545;1346.000000000;1;9691814425;B
20240222;100545;1346.000000000;5;9691814426;B
20240222;100545;1346.000000000;1;9691814427;B
20240222;100545;1345.800000000;57;9691814428;S
20240222;100545;1345.600000000;53;9691814429;S
20240222;100545;1345.600000000;39;9691814430;S
20240222;100545;1345.600000000;13;9691814431;S
20240222;100545;1345.600000000;58;9691814432;S
20240222;100545;1345.600000000;100;9691814433;S
20240222;100545;1345.600000000;1;9691814434;S
20240222;100545;1345.400000000;58;9691814435;S
20240222;100545;1345.200000000;75;9691814436;S
20240222;100545;1345.000000000;5;9691814437;S
20240222;100545;1345.000000000;25;9691814438;S
20240222;100545;1344.800000000;148;9691814439;S
20240222;100545;1344.400000000;221;9691814440;S
20240222;100545;1344.200000000;57;9691814441;S
20240222;100545;1345.600000000;100;9691814442;S
20240222;100545;1345.200000000;58;9691814443;S
20240222;100545;1344.200000000;142;9691814444;S
20240222;100545;1346.000000000;1;9691814449;B
20240222;100545;1346.000000000;1;9691814450;B
20240222;100545;1345.600000000;5;9691814455;B
20240222;100545;1345.600000000;1;9691814459;B
20240222;100545;1345.600000000;19;9691814471;B
20240222;100545;1345.800000000;3;9691814472;B
20240222;100545;1345.600000000;2;9691814475;B
20240222;100545;1345.600000000;3;9691814491;B
20240222;100545;1345.600000000;15;9691814492;B
20240222;100545;1345.600000000;30;9691814494;B
20240222;100545;1345.800000000;1;9691814498;B
20240222;100545;1345.800000000;5;9691814517;B
20240222;100545;1345.800000000;1;9691814520;B
20240222;100545;1345.800000000;3;9691814525;B
20240222;100545;1345.800000000;1;9691814534;B
20240222;100545;1345.800000000;4;9691814542;B
20240222;100545;1345.800000000;1;9691814543;B
20240222;100545;1345.800000000;10;9691814571;B
20240222;100545;1345.800000000;1;9691814577;B
20240222;100545;1345.800000000;3;9691814589;B
20240222;100545;1345.800000000;4;9691814595;B
20240222;100545;1345.800000000;3;9691814612;B
20240222;100545;1345.800000000;20;9691814613;B
20240222;100545;1345.800000000;3;9691814615;B
20240222;100545;1345.800000000;1;9691814625;B
20240222;100545;1345.800000000;10;9691814628;B
20240222;100545;1345.800000000;1;9691814630;B
20240222;100545;1345.800000000;11;9691814633;B
20240222;100545;1345.800000000;10;9691814634;B
20240222;100545;1345.800000000;4;9691814638;B
20240222;100545;1345.800000000;96;9691814639;B
20240222;100545;1345.800000000;3;9691814643;B
20240222;100545;1345.800000000;8;9691814647;B
20240222;100545;1345.800000000;2;9691814660;B
20240222;100545;1345.800000000;4;9691814662;B
20240222;100545;1346.000000000;6;9691814663;B
20240222;100545;1345.800000000;56;9691814664;B
20240222;100545;1345.800000000;18;9691814665;B
20240222;100545;1346.000000000;1;9691814673;B
20240222;100545;1346.000000000;2;9691814674;B
20240222;100545;1345.800000000;1;9691814677;B
20240222;100545;1345.600000000;58;9691814678;S
20240222;100545;1345.600000000;42;9691814679;B
20240222;100545;1345.800000000;27;9691814680;B
20240222;100545;1345.800000000;25;9691814681;B
20240222;100545;1346.000000000;1;9691814682;B
20240222;100545;1346.000000000;6;9691814687;B
20240222;100545;1346.000000000;1;9691814696;B
20240222;100545;1346.000000000;6;9691814701;B
20240222;100545;1346.000000000;10;9691814768;B
20240222;100545;1346.000000000;1;9691814798;B
20240222;100545;1346.000000000;10;9691814813;B
20240222;100545;1346.000000000;3;9691814822;B
20240222;100545;1346.000000000;1472;9691814844;B
20240222;100545;1346.000000000;1;9691814863;B
20240222;100545;1346.000000000;20;9691814871;B
20240222;100545;1346.000000000;1;9691814876;B
20240222;100545;1345.800000000;2;9691814884;S
20240222;100545;1346.000000000;11;9691814894;B
20240222;100545;1346.000000000;1;9691814895;B
20240222;100545;1346.000000000;11;9691814896;B
20240222;100545;1346.000000000;1;9691814899;B
20240222;100545;1346.000000000;5;9691814930;B
20240222;100545;1346.000000000;3;9691814935;B
20240222;100545;1346.000000000;15;9691814937;B
20240222;100545;1346.000000000;1;9691814938;B
20240222;100545;1346.000000000;1;9691814957;B
20240222;100545;1346.000000000;10;9691814960;B
20240222;100545;1346.000000000;7;9691814962;B
20240222;100545;1346.000000000;1;9691814965;B
20240222;100545;1346.000000000;1;9691814971;B
20240222;100545;1346.000000000;8;9691814981;B
20240222;100545;1346.000000000;9;9691814983;B
20240222;100545;1346.000000000;2;9691814984;B
20240222;100545;1346.000000000;1;9691814988;B
20240222;100545;1346.000000000;8;9691814989;B
20240222;100545;1346.000000000;20;9691814995;B
20240222;100545;1346.000000000;1;9691815027;B
20240222;100545;1346.000000000;1;9691815028;B
20240222;100545;1346.000000000;1;9691815029;B
20240222;100545;1345.800000000;2;9691815034;S
20240222;100545;1346.000000000;1;9691815036;B
20240222;100545;1346.000000000;1;9691815037;B
20240222;100545;1346.000000000;18;9691815040;B
20240222;100546;1346.000000000;1;9691815041;B
20240222;100546;1346.000000000;1;9691815045;B
20240222;100546;1346.000000000;7;9691815048;B
20240222;100546;1346.000000000;5;9691815049;B
20240222;100546;1346.000000000;50;9691815050;B
20240222;100546;1346.000000000;10;9691815051;B
20240222;100546;1346.000000000;1;9691815053;B
20240222;100546;1346.000000000;2;9691815054;B
20240222;100546;1346.000000000;1;9691815055;B
20240222;100546;1346.000000000;1;9691815056;B
20240222;100546;1346.000000000;5;9691815058;B
20240222;100546;1346.000000000;1;9691815059;B
20240222;100546;1346.000000000;8;9691815060;B
20240222;100546;1346.000000000;100;9691815063;B
20240222;100546;1345.800000000;2;9691815069;S
20240222;100546;1345.800000000;58;9691815070;S
20240222;100546;1346.000000000;10;9691815071;B
20240222;100546;1346.000000000;1;9691815072;B
20240222;100546;1346.000000000;1;9691815074;B
20240222;100546;1346.000000000;1;9691815075;B
20240222;100546;1346.000000000;1;9691815076;B
20240222;100546;1346.000000000;1;9691815077;B
20240222;100546;1346.000000000;20;9691815080;B
20240222;100546;1346.000000000;22;9691815081;B
20240222;100546;1346.000000000;12;9691815083;B
20240222;100546;1346.000000000;15;9691815084;B
20240222;100546;1346.000000000;100;9691815085;B
20240222;100546;1346.000000000;1;9691815088;B
20240222;100546;1346.000000000;1;9691815094;B
20240222;100546;1346.000000000;1;9691815095;B
20240222;100546;1346.000000000;7;9691815096;B
20240222;100546;1346.000000000;27;9691815099;B
20240222;100546;1346.000000000;1;9691815101;B
20240222;100546;1346.000000000;5;9691815110;B
20240222;100546;1346.000000000;3;9691815111;B
20240222;100546;1345.800000000;65;9691815112;S
20240222;100546;1346.000000000;1;9691815121;B
20240222;100546;1346.000000000;1;9691815123;B
20240222;100546;1346.000000000;1;9691815136;B
20240222;100546;1346.000000000;1;9691815142;B
20240222;100546;1346.000000000;2;9691815147;B
20240222;100546;1346.000000000;1;9691815157;B
20240222;100546;1346.000000000;1;9691815158;B
20240222;100546;1346.000000000;1;9691815160;B
20240222;100546;1346.000000000;10;9691815162;B
20240222;100546;1346.000000000;10;9691815163;B
20240222;100546;1346.000000000;1;9691815164;B
20240222;100546;1346.000000000;38;9691815165;B
20240222;100546;1346.000000000;3;9691815166;B
20240222;100546;1346.000000000;1;9691815173;B
20240222;100546;1346.000000000;25;9691815178;B
20240222;100546;1345.800000000;20;9691815179;S
20240222;100546;1346.000000000;1;9691815180;B
20240222;100546;1346.000000000;1;9691815181;B
20240222;100546;1346.000000000;1;9691815190;B
20240222;100546;1346.000000000;1;9691815196;B
20240222;100546;1346.000000000;1;9691815201;B
20240222;100546;1346.000000000;1;9691815205;B
20240222;100546;1346.000000000;1;9691815223;B
20240222;100546;1345.800000000;1;9691815225;S
20240222;100546;1346.000000000;1;9691815227;B
20240222;100546;1346.000000000;2;9691815228;B
20240222;100546;1346.000000000;1;9691815229;B
20240222;100546;1346.000000000;250;9691815230;B
20240222;100546;1346.000000000;630;9691815232;B
20240222;100546;1346.000000000;5;9691815234;B
20240222;100546;1346.000000000;1;9691815263;B
20240222;100546;1346.000000000;1;9691815268;B
20240222;100546;1346.000000000;2;9691815270;B
20240222;100546;1346.000000000;1;9691815290;B
20240222;100546;1346.000000000;1;9691815302;B
20240222;100546;1346.000000000;1;9691815308;B
20240222;100546;1346.000000000;10;9691815310;B
20240222;100546;1346.000000000;1;9691815331;B
20240222;100546;1346.000000000;1;9691815335;B
20240222;100546;1346.000000000;1;9691815336;B
20240222;100546;1346.000000000;12;9691815342;B
20240222;100546;1346.000000000;1;9691815352;B
20240222;100546;1346.000000000;1;9691815353;B
20240222;100546;1346.000000000;250;9691815356;B
20240222;100546;1346.000000000;30;9691815358;B
20240222;100546;1346.000000000;2;9691815359;B
20240222;100546;1346.000000000;2;9691815366;B
20240222;100546;1346.000000000;3;9691815367;B
20240222;100546;1346.000000000;1;9691815368;B
20240222;100546;1346.000000000;2;9691815370;B
20240222;100546;1346.000000000;2;9691815372;B
20240222;100546;1346.000000000;1;9691815373;B
20240222;100546;1346.000000000;3;9691815374;B
20240222;100546;1346.000000000;2;9691815375;B
20240222;100546;1346.000000000;1;9691815376;B
20240222;100546;1346.000000000;1;9691815377;B
20240222;100546;1346.000000000;4;9691815378;B
20240222;100546;1346.000000000;1;9691815381;B
20240222;100546;1346.000000000;1;9691815382;B
20240222;100546;1346.000000000;10;9691815388;B
20240222;100546;1346.000000000;2;9691815392;B
20240222;100546;1346.000000000;1;9691815394;B
20240222;100546;1346.000000000;2;9691815395;B
20240222;100546;1346.000000000;250;9691815396;B
20240222;100546;1346.000000000;4;9691815398;B
20240222;100546;1346.000000000;1;9691815405;B
20240222;100546;1346.000000000;2;9691815408;B
20240222;100546;1346.000000000;1;9691815409;B
20240222;100546;1346.000000000;95;9691815465;B
20240222;100546;1346.000000000;1;9691815493;B
20240222;100546;1346.000000000;6;9691815508;B
20240222;100546;1346.000000000;1;9691815510;B
20240222;100546;1346.000000000;1;9691815512;B
20240222;100546;1346.000000000;1;9691815523;B
20240222;100546;1346.000000000;250;9691815589;B
20240222;100546;1346.000000000;50;9691815607;B
20240222;100546;1346.000000000;59;9691815641;B
20240222;100546;1346.000000000;1;9691815648;B
20240222;100546;1346.000000000;1;9691815650;B
20240222;100546;1346.000000000;1;9691815654;B
20240222;100546;1346.000000000;10;9691815677;B
20240222;100546;1346.000000000;1;9691815680;B
20240222;100546;1346.000000000;1;9691815681;B
20240222;100546;1346.000000000;32;9691815689;B
20240222;100546;1346.000000000;3;9691815735;B
20240222;100546;1346.000000000;1;9691815737;B
20240222;100546;1346.000000000;2;9691815740;B
20240222;100546;1345.800000000;1;9691815763;S
20240222;100546;1346.000000000;1;9691815765;B
20240222;100546;1346.000000000;1;9691815768;B
20240222;100546;1346.000000000;1;9691815787;B
20240222;100546;1346.000000000;10;9691815805;B
20240222;100546;1346.000000000;50;9691815807;B
20240222;100546;1346.000000000;369;9691815813;B
20240222;100546;1346.000000000;2;9691815815;B
20240222;100547;1346.000000000;5;9691815817;B
20240222;100547;1346.000000000;1;9691815818;B
20240222;100547;1346.000000000;1;9691815826;B
20240222;100547;1346.000000000;2;9691815844;B
20240222;100547;1346.000000000;1;9691815846;B
20240222;100547;1346.000000000;1;9691815903;B
20240222;100547;1345.800000000;1;9691815971;S
20240222;100547;1346.000000000;2;9691816021;B
20240222;100547;1346.000000000;599;9691816035;B
20240222;100547;1346.000000000;548;9691816036;B
20240222;100547;1346.000000000;4;9691816037;B
20240222;100547;1346.000000000;44;9691816038;B
20240222;100547;1346.000000000;83;9691816039;B
20240222;100547;1346.000000000;722;9691816040;B
20240222;100547;1346.000000000;1;9691816058;B
20240222;100547;1346.000000000;1;9691816148;B
20240222;100547;1346.000000000;631;9691816198;B
20240222;100547;1346.000000000;50;9691816199;B
20240222;100547;1346.000000000;361;9691816200;B
20240222;100547;1346.000000000;15;9691816201;B
20240222;100547;1346.000000000;1;9691816202;B
20240222;100547;1346.000000000;25;9691816203;B
20240222;100547;1346.000000000;188;9691816204;B
20240222;100547;1346.000000000;42;9691816205;B
20240222;100547;1346.000000000;62;9691816206;B
20240222;100547;1346.000000000;112;9691816207;B
20240222;100547;1346.000000000;158;9691816208;B
20240222;100547;1346.000000000;189;9691816209;B
20240222;100547;1346.000000000;16;9691816210;B
20240222;100547;1346.000000000;1;9691816211;B
20240222;100547;1346.000000000;149;9691816212;B
20240222;100547;1346.000000000;661;9691816259;B
20240222;100547;1346.000000000;1339;9691816260;B
20240222;100547;1346.000000000;100;9691816266;B
20240222;100547;1346.000000000;2000;9691816270;B
20240222;100547;1346.000000000;2014;9691816287;B
20240222;100547;1346.000000000;41;9691816288;B
20240222;100547;1346.000000000;1;9691816289;B
20240222;100547;1346.000000000;25;9691816290;B
20240222;100547;1346.200000000;70;9691816291;B
20240222;100547;1346.200000000;91;9691816292;B
20240222;100547;1346.600000000;700;9691816293;B
20240222;100547;1347.000000000;33;9691816294;B
20240222;100547;1347.000000000;25;9691816295;B
20240222;100547;1347.200000000;6;9691816296;B
20240222;100547;1346.800000000;58;9691816297;S
20240222;100547;1346.800000000;82;9691816298;B
20240222;100547;1347.200000000;8;9691816299;B
20240222;100547;1347.800000000;58;9691816300;S
20240222;100547;1347.600000000;10;9691816308;S
20240222;100547;1347.800000000;10;9691816309;B
20240222;100547;1347.800000000;58;9691816373;B
20240222;100547;1347.800000000;58;9691816375;B
20240222;100547;1347.800000000;16;9691816377;B
20240222;100547;1347.800000000;42;9691816378;B
20240222;100547;1347.800000000;58;9691816381;B
20240222;100547;1347.800000000;58;9691816404;B
20240222;100548;1347.600000000;2;9691816423;S
20240222;100548;1347.600000000;1;9691816424;S
20240222;100548;1347.800000000;42;9691816470;B
20240222;100548;1348.000000000;325;9691816471;B
20240222;100548;1348.200000000;25;9691816472;B
20240222;100548;1348.800000000;700;9691816473;B
20240222;100548;1349.000000000;70;9691816474;B
20240222;100548;1349.000000000;58;9691816475;B
20240222;100548;1349.200000000;58;9691816476;B
20240222;100548;1349.400000000;148;9691816477;B
20240222;100548;1349.400000000;58;9691816478;B
20240222;100548;1349.600000000;700;9691816479;B
20240222;100548;1350.000000000;9;9691816480;B
20240222;100548;1350.000000000;30;9691816481;B
20240222;100548;1350.000000000;22;9691816482;B
20240222;100548;1350.000000000;37;9691816483;B
20240222;100548;1350.000000000;218;9691816484;B
20240222;100548;1350.000000000;228;9691816594;B
20240222;100548;1350.000000000;174;9691816624;B
20240222;100548;1350.000000000;380;9691816671;B
20240222;100548;1350.000000000;105;9691816672;B
20240222;100548;1350.000000000;15;9691816673;B
20240222;100548;1350.000000000;2;9691816674;B
20240222;100548;1350.800000000;100;9691816675;S
20240222;100548;1351.600000000;2;9691816706;B
20240222;100548;1352.000000000;3;9691816707;B
20240222;100549;1352.000000000;100;9691816781;B
20240222;100549;1352.000000000;2;9691816806;B
20240222;100549;1352.000000000;100;9691816807;B
20240222;100549;1352.000000000;2;9691816833;B
20240222;100549;1352.000000000;13;9691816856;B
20240222;100549;1352.200000000;110;9691816857;B
20240222;100549;1352.200000000;58;9691816858;B
20240222;100549;1352.400000000;1;9691816859;B
20240222;100549;1352.400000000;58;9691816860;B
20240222;100549;1352.600000000;58;9691816861;B
20240222;100549;1352.800000000;2;9691816862;B
20240222;100549;1352.800000000;138;9691816863;B
20240222;100549;1352.800000000;25;9691816864;B
20240222;100549;1353.400000000;14;9691816865;B
20240222;100549;1353.600000000;23;9691816866;B
20240222;100549;1353.800000000;3;9691816879;B
20240222;100549;1353.400000000;100;9691816978;S
20240222;100550;1353.400000000;58;9691817074;S
20240222;100550;1353.000000000;16;9691817121;S
20240222;100551;1352.400000000;2;9691817338;B
20240222;100554;1351.600000000;84;9691817920;S
20240222;100555;1351.600000000;1;9691818114;B
20240222;100557;1351.400000000;8;9691818621;S
20240222;100557;1351.200000000;4;9691818622;S
20240222;100558;1351.600000000;2;9691818786;B
20240222;100559;1351.000000000;3;9691819024;S
20240222;100559;1351.000000000;5;9691819025;S
20240222;100559;1351.600000000;1;9691819054;B
20240222;100600;1351.600000000;1;9691819209;B
20240222;100600;1351.600000000;50;9691819212;B
20240222;100600;1351.600000000;4;9691819220;B
20240222;100600;1351.600000000;4;9691819221;B
20240222;100600;1351.800000000;58;9691819222;B
20240222;100600;1351.800000000;76;9691819223;B
20240222;100600;1352.000000000;38;9691819224;B
20240222;100600;1352.000000000;10;9691819225;B
20240222;100600;1351.800000000;10;9691819227;B
20240222;100600;1351.800000000;25;9691819259;B
20240222;100600;1351.400000000;1;9691819260;S
20240222;100600;1351.600000000;100;9691819284;S
20240222;100600;1351.600000000;100;9691819285;S
20240222;100601;1351.800000000;24;9691819327;B
20240222;100601;1352.000000000;10;9691819328;B
20240222;100601;1352.000000000;54;9691819329;B
20240222;100602;1352.600000000;1;9691819767;B
20240222;100604;1352.600000000;4;9691819945;B
20240222;100604;1352.400000000;5;9691820055;S
20240222;100605;1352.400000000;1;9691820158;B
20240222;100605;1352.400000000;2;9691820318;B
20240222;100606;1352.200000000;4;9691820357;S
20240222;100606;1352.200000000;44;9691820363;B
20240222;100606;1352.000000000;42;9691820416;S
20240222;100606;1352.000000000;8;9691820417;S
20240222;100607;1352.200000000;4;9691820553;B
20240222;100608;1352.400000000;1;9691820695;B
20240222;100608;1352.600000000;16;9691820696;B
20240222;100608;1352.600000000;10;9691820706;B
20240222;100610;1352.000000000;2;9691820908;S
20240222;100610;1352.000000000;72;9691820909;S
20240222;100610;1351.800000000;221;9691820910;S
20240222;100610;1351.800000000;147;9691820911;S
20240222;100610;1351.600000000;1;9691820912;S
20240222;100610;1351.600000000;25;9691820913;S
20240222;100610;1351.600000000;5;9691820914;S
20240222;100610;1351.200000000;70;9691820915;S
20240222;100610;1351.200000000;59;9691820916;S
20240222;100610;1351.000000000;100;9691820917;S
20240222;100610;1351.000000000;2;9691820918;S
20240222;100610;1351.000000000;1;9691820919;S
20240222;100610;1351.000000000;2;9691820920;S
20240222;100610;1351.000000000;59;9691820921;S
20240222;100610;1350.800000000;16;9691820922;S
20240222;100611;1352.400000000;3;9691821031;B
20240222;100612;1352.200000000;1;9691821335;S
20240222;100612;1352.400000000;1;9691821342;B
20240222;100613;1352.400000000;1;9691821566;B
20240222;100613;1352.200000000;2;9691821572;S
20240222;100613;1352.000000000;5;9691821573;S
20240222;100613;1351.800000000;5;9691821715;B
20240222;100614;1351.800000000;2;9691821760;B
20240222;100614;1351.800000000;2;9691821819;B
20240222;100615;1351.600000000;3;9691822250;B
20240222;100615;1351.800000000;50;9691822251;B
20240222;100615;1351.800000000;70;9691822252;B
20240222;100615;1352.000000000;27;9691822253;B
20240222;100615;1351.800000000;1;9691822330;B
20240222;100615;1351.800000000;1;9691822415;B
20240222;100616;1351.800000000;10;9691822513;B
20240222;100616;1351.600000000;16;9691822601;S
20240222;100616;1351.800000000;12;9691822602;B
20240222;100616;1351.800000000;35;9691822616;B
20240222;100616;1352.000000000;15;9691822617;B
20240222;100616;1351.800000000;15;9691822683;B
20240222;100616;1351.800000000;1;9691822717;B
20240222;100617;1352.000000000;3;9691822947;B
20240222;100618;1352.000000000;48;9691822976;B
20240222;100618;1352.000000000;29;9691822977;B
20240222;100618;1352.200000000;19;9691823063;B
20240222;100619;1352.400000000;1;9691823227;B
20240222;100619;1352.400000000;22;9691823228;B
20240222;100619;1352.600000000;19;9691823233;B
20240222;100619;1352.400000000;200;9691823380;S
20240222;100620;1352.600000000;2;9691823494;B
20240222;100620;1352.600000000;1;9691823653;B
20240222;100621;1352.600000000;2;9691823690;B
20240222;100622;1352.600000000;1;9691823956;B
20240222;100622;1352.600000000;15;9691823962;B
20240222;100622;1352.600000000;129;9691823966;B
20240222;100623;1353.800000000;3;9691824222;S
20240222;100624;1353.800000000;1;9691824765;B
20240222;100624;1353.800000000;96;9691824773;B
20240222;100624;1353.800000000;59;9691824774;B
20240222;100624;1354.000000000;59;9691824775;B
20240222;100624;1354.200000000;59;9691824776;B
20240222;100624;1354.400000000;10;9691824777;B
20240222;100624;1354.800000000;17;9691824778;B
20240222;100624;1354.800000000;1;9691824779;B
20240222;100624;1354.800000000;25;9691824780;B
20240222;100624;1355.000000000;9;9691824781;B
20240222;100624;1355.000000000;100;9691824782;B
20240222;100624;1355.000000000;5;9691824783;B
20240222;100624;1355.200000000;1;9691824784;B
20240222;100624;1355.200000000;16;9691824785;B
20240222;100624;1355.400000000;147;9691824786;B
20240222;100624;1355.800000000;1;9691824787;B
20240222;100624;1355.800000000;7;9691824788;B
20240222;100624;1356.000000000;38;9691824789;B
20240222;100624;1353.600000000;1;9691824790;S
20240222;100624;1355.200000000;59;9691824793;B
20240222;100624;1355.400000000;41;9691824794;B
20240222;100625;1354.800000000;1;9691825168;S
20240222;100626;1355.000000000;5;9691825385;B
20240222;100626;1355.000000000;9;9691825386;B
20240222;100627;1355.200000000;1;9691825553;B
20240222;100627;1355.200000000;4;9691825625;B
20240222;100627;1354.400000000;8;9691825653;S
20240222;100628;1355.200000000;5;9691825736;B
20240222;100628;1354.400000000;5;9691825795;S
20240222;100629;1355.200000000;5;9691825938;B
20240222;100631;1355.200000000;2;9691826240;B
20240222;100632;1355.000000000;1;9691826425;S
20240222;100632;1355.200000000;1;9691826538;B
20240222;100633;1355.200000000;1;9691826636;B
20240222;100633;1355.000000000;9;9691826708;S
20240222;100633;1355.000000000;2;9691826709;S
20240222;100633;1354.200000000;2;9691826759;B
20240222;100633;1354.200000000;2;9691826785;B
20240222;100634;1353.800000000;1;9691826851;S
20240222;100634;1353.800000000;63;9691826852;S
20240222;100634;1353.400000000;59;9691826853;S
20240222;100634;1353.400000000;62;9691826854;S
20240222;100635;1353.200000000;1;9691827190;S
20240222;100636;1354.000000000;1;9691827418;B
20240222;100639;1353.600000000;1;9691827870;S
20240222;100639;1353.600000000;15;9691827871;S
20240222;100639;1353.400000000;50;9691827885;S
20240222;100639;1354.200000000;3;9691828078;B
20240222;100640;1354.200000000;5;9691828246;B
20240222;100642;1354.000000000;1;9691828582;B
20240222;100643;1354.000000000;1;9691828658;B
20240222;100643;1354.000000000;1;9691828771;B
20240222;100644;1354.000000000;5;9691829041;B
20240222;100645;1354.000000000;100;9691829237;B
20240222;100646;1353.800000000;50;9691829409;S
20240222;100646;1353.600000000;1;9691829465;B
20240222;100647;1353.600000000;39;9691829510;B
20240222;100647;1353.400000000;1;9691829520;S
20240222;100647;1353.200000000;1;9691829521;S
20240222;100647;1353.200000000;5;9691829522;S
20240222;100647;1353.200000000;8;9691829523;S
20240222;100647;1353.000000000;147;9691829524;S
20240222;100647;1352.800000000;1;9691829525;S
20240222;100647;1352.600000000;71;9691829526;S
20240222;100647;1352.600000000;1;9691829527;S
20240222;100647;1352.600000000;700;9691829528;S
20240222;100647;1352.600000000;2;9691829529;S
20240222;100647;1352.600000000;25;9691829530;S
20240222;100647;1352.400000000;500;9691829531;S
20240222;100647;1352.400000000;99;9691829532;S
20240222;100647;1352.400000000;20;9691829533;S
20240222;100647;1352.400000000;59;9691829534;S
20240222;100647;1352.400000000;70;9691829535;S
20240222;100647;1352.400000000;16;9691829536;S
20240222;100647;1352.200000000;59;9691829537;S
20240222;100647;1352.000000000;30;9691829538;S
20240222;100647;1352.000000000;1;9691829539;S
20240222;100647;1352.000000000;1;9691829540;S
20240222;100647;1352.000000000;150;9691829541;S
20240222;100647;1352.000000000;33;9691829542;S
20240222;100647;1353.400000000;1;9691829549;B
20240222;100647;1352.200000000;25;9691829550;S
20240222;100647;1352.000000000;67;9691829551;S
20240222;100647;1352.000000000;8;9691829552;S
20240222;100647;1352.200000000;2;9691829567;B
20240222;100647;1352.200000000;1;9691829592;B
20240222;100647;1352.000000000;12;9691829598;S
20240222;100647;1351.800000000;5;9691829631;S
20240222;100647;1351.600000000;9;9691829651;B
20240222;100648;1351.600000000;1;9691829824;B
20240222;100648;1351.600000000;10;9691829839;B
20240222;100648;1351.400000000;1;9691829892;S
20240222;100649;1351.200000000;35;9691830052;S
20240222;100649;1351.200000000;100;9691830053;S
20240222;100649;1351.200000000;2;9691830054;S
20240222;100650;1351.600000000;48;9691830139;B
20240222;100650;1351.600000000;221;9691830140;B
20240222;100650;1352.400000000;1;9691830267;B
20240222;100652;1352.000000000;25;9691830655;S
20240222;100652;1351.800000000;55;9691830656;S
20240222;100654;1352.200000000;2;9691831225;S
20240222;100654;1352.000000000;57;9691831226;S
20240222;100654;1351.800000000;166;9691831227;S
20240222;100654;1351.800000000;147;9691831228;S
20240222;100654;1351.800000000;25;9691831229;S
20240222;100654;1351.600000000;466;9691831230;S
20240222;100654;1351.600000000;1;9691831255;B
20240222;100655;1351.600000000;22;9691831399;B
20240222;100656;1351.600000000;1;9691831548;B
20240222;100656;1351.600000000;1;9691831576;B
20240222;100656;1351.600000000;10;9691831718;B
20240222;100657;1351.600000000;15;9691831786;B
20240222;100657;1351.200000000;25;9691831791;S
20240222;100657;1351.200000000;63;9691831792;S
20240222;100658;1351.600000000;3;9691831984;B
20240222;100658;1351.600000000;10;9691832070;B
20240222;100659;1351.600000000;5;9691832166;B
20240222;100701;1351.600000000;1;9691832604;B
20240222;100701;1351.600000000;2;9691832652;B
20240222;100701;1351.600000000;10;9691832749;B
20240222;100702;1351.600000000;1;9691832810;B
20240222;100702;1351.400000000;2;9691832829;S
20240222;100702;1351.400000000;3;9691832830;S
20240222;100702;1351.600000000;40;9691832891;B
20240222;100704;1352.000000000;5;9691833264;B
20240222;100705;1352.000000000;1;9691833355;B
20240222;100705;1351.400000000;1;9691833386;B
20240222;100706;1351.400000000;25;9691833538;S
20240222;100706;1351.400000000;56;9691833539;S
20240222;100706;1351.200000000;158;9691833540;S
20240222;100706;1351.200000000;59;9691833541;S
20240222;100706;1351.200000000;1;9691833542;S
20240222;100706;1351.000000000;1;9691833543;S
20240222;100706;1351.200000000;1;9691833567;S
20240222;100706;1351.800000000;1;9691833573;B
20240222;100706;1351.600000000;1;9691833727;S
20240222;100706;1351.600000000;1;9691833766;B
20240222;100706;1351.400000000;49;9691833774;S
20240222;100706;1351.400000000;10;9691833775;S
20240222;100706;1351.400000000;25;9691833776;S
20240222;100707;1351.400000000;13;9691833777;S
20240222;100708;1352.400000000;10;9691834031;B
20240222;100709;1351.800000000;1;9691834197;B
20240222;100709;1351.800000000;1;9691834212;B
20240222;100709;1351.600000000;1;9691834261;S
20240222;100709;1352.000000000;3;9691834293;B
20240222;100709;1352.200000000;1;9691834294;B
20240222;100709;1352.200000000;1;9691834316;B
20240222;100709;1352.400000000;2;9691834317;B
20240222;100710;1351.600000000;1;9691834553;S
20240222;100711;1352.000000000;1;9691834720;B
20240222;100712;1352.000000000;3;9691835066;B
20240222;100712;1352.200000000;2;9691835067;B
20240222;100713;1352.200000000;25;9691835073;B
20240222;100713;1351.600000000;1;9691835226;S
20240222;100713;1351.600000000;1;9691835234;S
20240222;100714;1352.400000000;1;9691835356;B
20240222;100714;1351.800000000;3;9691835371;B
20240222;100714;1352.000000000;4;9691835372;B
20240222;100714;1352.600000000;54;9691835373;B
20240222;100714;1352.800000000;14;9691835374;B
20240222;100715;1351.600000000;12;9691835647;S
20240222;100715;1351.600000000;11;9691835648;S
20240222;100715;1352.000000000;200;9691835719;S
20240222;100716;1352.200000000;1;9691835878;B
20240222;100716;1352.000000000;33;9691835916;S
20240222;100716;1352.000000000;33;9691835917;S
20240222;100717;1352.800000000;40;9691836025;B
20240222;100718;1352.000000000;7;9691836214;S
20240222;100718;1352.000000000;6;9691836215;S
20240222;100718;1352.800000000;9;9691836218;B
20240222;100718;1352.800000000;2;9691836307;B
20240222;100718;1353.000000000;1;9691836308;B
20240222;100719;1352.000000000;1;9691836533;S
20240222;100719;1352.600000000;3;9691836593;B
20240222;100719;1352.800000000;1;9691836776;B
20240222;100719;1352.400000000;1;9691836791;S
20240222;100720;1353.000000000;1;9691836928;B
20240222;100721;1353.200000000;33;9691837025;B
20240222;100721;1352.800000000;1;9691837244;S
20240222;100721;1352.800000000;5;9691837245;S
20240222;100721;1352.800000000;5;9691837246;S
20240222;100722;1353.200000000;2;9691837301;B
20240222;100722;1353.200000000;1;9691837331;B
20240222;100722;1352.800000000;2;9691837397;S
20240222;100723;1352.800000000;1;9691837463;S
20240222;100723;1353.200000000;1;9691837546;B
20240222;100724;1353.000000000;1;9691837667;B
20240222;100725;1352.800000000;15;9691837905;S
20240222;100726;1353.000000000;1;9691838053;B
20240222;100726;1352.800000000;3;9691838070;S
20240222;100726;1352.800000000;1;9691838073;S
20240222;100727;1353.200000000;1;9691838235;B
20240222;100728;1353.200000000;15;9691838321;B
20240222;100728;1353.400000000;20;9691838322;B
20240222;100728;1353.400000000;3;9691838323;B
20240222;100728;1353.600000000;59;9691838324;B
20240222;100728;1353.800000000;3;9691838325;B
20240222;100728;1353.400000000;17;9691838387;B
20240222;100728;1353.200000000;16;9691838388;S
20240222;100728;1353.200000000;5;9691838436;S
20240222;100728;1353.000000000;2;9691838437;S
20240222;100729;1353.200000000;1;9691838558;S
20240222;100729;1353.200000000;1;9691838559;S
20240222;100729;1353.000000000;1;9691838560;S
20240222;100731;1353.800000000;150;9691838801;B
20240222;100731;1353.200000000;3;9691838899;B
20240222;100731;1353.000000000;20;9691838934;S
20240222;100732;1353.000000000;13;9691838940;S
20240222;100732;1353.000000000;12;9691838941;S
20240222;100732;1353.000000000;22;9691838947;S
20240222;100732;1353.800000000;25;9691838964;B
20240222;100733;1353.200000000;2;9691839105;S
20240222;100733;1353.000000000;7;9691839106;S
20240222;100733;1353.000000000;6;9691839107;S
20240222;100733;1354.000000000;1;9691839147;B
20240222;100734;1354.000000000;2;9691839379;B
20240222;100734;1354.000000000;4;9691839475;B
20240222;100734;1354.000000000;59;9691839476;B
20240222;100734;1354.000000000;17;9691839477;B
20240222;100734;1353.800000000;10;9691839478;S
20240222;100735;1353.200000000;1;9691839578;S
20240222;100735;1353.200000000;18;9691839634;S
20240222;100736;1353.200000000;1;9691839773;S
20240222;100736;1353.200000000;14;9691839774;S
20240222;100736;1353.000000000;15;9691839775;S
20240222;100737;1353.000000000;3;9691840057;S
20240222;100737;1353.000000000;3;9691840058;S
20240222;100737;1354.000000000;5;9691840095;B
20240222;100737;1354.000000000;5;9691840096;B
20240222;100738;1353.000000000;2;9691840277;S
20240222;100738;1353.000000000;1;9691840278;S
20240222;100739;1353.600000000;1;9691840553;B
20240222;100739;1353.800000000;1;9691840554;B
20240222;100739;1353.800000000;4;9691840555;B
20240222;100739;1353.800000000;1;9691840594;B
20240222;100740;1353.200000000;1;9691840672;S
20240222;100740;1353.200000000;1;9691840673;S
20240222;100740;1353.800000000;1;9691840802;B
20240222;100741;1353.200000000;1;9691840964;S
20240222;100741;1353.800000000;1;9691840993;B
20240222;100742;1353.800000000;2;9691841091;B
20240222;100742;1353.800000000;2;9691841175;B
20240222;100743;1353.200000000;1;9691841274;S
20240222;100743;1353.800000000;30;9691841326;B
20240222;100744;1353.200000000;3;9691841414;S
20240222;100744;1353.000000000;94;9691841415;S
20240222;100744;1353.000000000;2;9691841416;S
20240222;100744;1353.000000000;1;9691841417;S
20240222;100744;1353.000000000;5;9691841418;S
20240222;100744;1353.000000000;5;9691841419;S
20240222;100744;1353.200000000;5;9691841455;B
20240222;100744;1353.400000000;5;9691841456;B
20240222;100744;1352.800000000;5;9691841459;S
20240222;100745;1353.000000000;1;9691841547;B
20240222;100745;1352.800000000;19;9691841647;S
20240222;100745;1352.800000000;20;9691841648;S
20240222;100745;1353.000000000;2;9691841676;B
20240222;100746;1352.800000000;20;9691841698;S
20240222;100746;1353.000000000;1;9691841801;B
20240222;100746;1352.800000000;1;9691841831;S
20240222;100747;1352.800000000;3;9691841942;S
20240222;100747;1352.800000000;1;9691841943;S
20240222;100747;1352.800000000;2;9691841944;S
20240222;100747;1352.800000000;1;9691841945;S
20240222;100748;1353.000000000;1;9691842135;B
20240222;100748;1353.000000000;1;9691842283;B
20240222;100750;1353.000000000;2;9691842471;B
20240222;100750;1353.000000000;2;9691842487;B
20240222;100751;1352.800000000;1;9691842624;S
20240222;100751;1353.000000000;1;9691842716;S
20240222;100753;1353.000000000;2;9691842965;S
20240222;100753;1353.200000000;1;9691842992;B
20240222;100753;1353.200000000;1;9691843008;B
20240222;100753;1353.200000000;2;9691843025;B
20240222;100754;1353.000000000;1;9691843039;S
20240222;100754;1353.200000000;1;9691843044;B
20240222;100754;1353.000000000;2;9691843052;S
20240222;100754;1353.000000000;1;9691843229;S
20240222;100755;1353.000000000;1;9691843374;S
20240222;100755;1353.200000000;54;9691843387;B
20240222;100755;1353.200000000;45;9691843388;B
20240222;100755;1353.000000000;6;9691843470;S
20240222;100755;1353.000000000;1;9691843471;S
20240222;100755;1353.000000000;9;9691843472;S
20240222;100755;1353.000000000;17;9691843473;S
20240222;100756;1353.200000000;1;9691843698;B
20240222;100757;1353.000000000;5;9691844038;S
20240222;100757;1353.200000000;1;9691844042;B
20240222;100757;1353.200000000;1;9691844116;B
