<DATE>;<TIME>;<LAST>;<VOL>;<ID>;<OPER>
20240205;095932;1446.200000000;80;9523273775;S
20240205;095932;1446.200000000;18;9523273776;S
20240205;095932;1446.200000000;1;9523273777;S
20240205;095932;1446.200000000;1;9523273778;S
20240205;095932;1446.200000000;23;9523273779;S
20240205;095932;1446.200000000;4;9523273780;S
20240205;095932;1446.200000000;10;9523273781;S
20240205;095932;1446.200000000;3;9523273782;S
20240205;095932;1446.200000000;1;9523273783;S
20240205;095932;1446.200000000;1;9523273784;S
20240205;095932;1446.200000000;1;9523273785;S
20240205;095932;1446.200000000;30;9523273786;S
20240205;095932;1446.200000000;1;9523273787;S
20240205;095932;1446.200000000;1;9523273788;S
20240205;095932;1446.200000000;2;9523273789;S
20240205;095932;1446.200000000;20;9523273790;S
20240205;095932;1446.200000000;1;9523273791;S
20240205;095932;1446.200000000;6;9523273792;S
20240205;095932;1446.200000000;15;9523273793;S
20240205;095932;1446.200000000;4;9523273794;S
20240205;095932;1446.200000000;8;9523273795;S
20240205;095932;1446.200000000;8;9523273796;S
20240205;095932;1446.200000000;1;9523273797;S
20240205;095932;1446.200000000;4;9523273798;S
20240205;095932;1446.200000000;16;9523273799;S
20240205;095932;1446.200000000;30;9523273800;S
20240205;095932;1446.200000000;3;9523273801;S
20240205;095932;1446.200000000;1;9523273802;S
20240205;095932;1446.200000000;5;9523273803;S
20240205;095932;1446.200000000;1;9523273804;S
20240205;095932;1446.200000000;3;9523273805;S
20240205;095932;1446.200000000;9;9523273806;S
20240205;095932;1446.200000000;2;9523273807;S
20240205;095932;1446.200000000;1;9523273808;S
20240205;095932;1446.200000000;8;9523273809;S
20240205;095932;1446.200000000;3;9523273810;S
20240205;095932;1446.200000000;7;9523273811;S
20240205;095932;1446.200000000;1;9523273812;S
20240205;095932;1446.200000000;1;9523273813;S
20240205;095932;1446.200000000;38;9523273814;S
20240205;095932;1446.200000000;1;9523273815;S
20240205;095932;1446.200000000;2;9523273816;S
20240205;095932;1446.200000000;1;9523273817;S
20240205;095932;1446.200000000;5;9523273818;S
20240205;095932;1446.200000000;5;9523273819;S
20240205;095932;1446.200000000;40;9523273820;S
20240205;095932;1446.200000000;1;9523273821;S
20240205;095932;1446.200000000;3;9523273822;S
20240205;095932;1446.200000000;1;9523273823;S
20240205;095932;1446.200000000;1;9523273824;S
20240205;095932;1446.200000000;1;9523273825;S
20240205;095932;1446.200000000;1;9523273826;S
20240205;095932;1446.200000000;65;9523273827;B
20240205;095932;1446.200000000;3;9523273828;B
20240205;095932;1446.200000000;1;9523273829;B
20240205;095932;1446.200000000;341;9523273830;B
20240205;095932;1446.200000000;2;9523273831;S
20240205;095932;1446.200000000;1;9523273832;S
20240205;095932;1446.200000000;3;9523273833;S
20240205;095932;1446.200000000;4;9523273834;S
20240205;095932;1446.200000000;5;9523273835;B
20240205;095932;1446.200000000;1;9523273836;B
20240205;095932;1446.200000000;18;9523273837;B
20240205;100001;1446.600000000;184;9523285858;B
20240205;100001;1446.200000000;30;9523285928;S
20240205;100002;1446.400000000;4;9523287284;B
20240205;100002;1446.400000000;7;9523287303;B
20240205;100002;1446.400000000;101;9523287375;B
20240205;100002;1446.600000000;6;9523287376;B
20240205;100002;1446.800000000;10;9523287426;B
20240205;100002;1446.800000000;128;9523287428;B
20240205;100002;1446.600000000;40;9523288410;B
20240205;100002;1447.200000000;10;9523288420;B
20240205;100002;1447.400000000;10;9523288421;B
20240205;100003;1447.600000000;35;9523288609;B
20240205;100003;1447.600000000;12;9523288672;B
20240205;100003;1447.600000000;57;9523288734;B
20240205;100003;1447.600000000;16;9523288735;B
20240205;100003;1447.800000000;49;9523288736;B
20240205;100003;1447.400000000;8;9523289282;S
20240205;100003;1447.400000000;1;9523289284;S
20240205;100004;1447.600000000;13;9523289654;B
20240205;100004;1447.400000000;1;9523289656;S
20240205;100004;1447.400000000;27;9523290051;S
20240205;100005;1447.600000000;91;9523291019;B
20240205;100005;1447.800000000;293;9523291020;B
20240205;100005;1447.800000000;1;9523291021;B
20240205;100005;1448.000000000;5;9523291022;B
20240205;100005;1448.400000000;15;9523291023;B
20240205;100005;1448.600000000;1;9523291024;B
20240205;100005;1448.600000000;200;9523291025;B
20240205;100005;1448.800000000;8;9523291026;B
20240205;100005;1448.800000000;1;9523291027;B
20240205;100005;1448.800000000;97;9523291028;B
20240205;100005;1449.000000000;139;9523291029;B
20240205;100005;1449.000000000;800;9523291030;B
20240205;100005;1449.000000000;150;9523291031;B
20240205;100005;1449.200000000;199;9523291032;B
20240205;100005;1449.200000000;3;9523291033;B
20240205;100005;1449.200000000;1;9523291034;B
20240205;100005;1447.400000000;4;9523291035;S
20240205;100005;1447.600000000;104;9523291039;B
20240205;100005;1448.200000000;104;9523291410;B
20240205;100005;1448.400000000;100;9523291411;B
20240205;100005;1448.400000000;10;9523291412;B
20240205;100005;1448.200000000;1;9523291969;B
20240205;100005;1448.200000000;5;9523291976;B
20240205;100005;1447.600000000;1;9523291978;S
20240205;100005;1448.200000000;1;9523292270;B
20240205;100005;1448.200000000;3;9523292277;B
20240205;100005;1448.400000000;190;9523292617;B
20240205;100005;1448.400000000;62;9523292618;B
20240205;100006;1448.000000000;10;9523293262;S
20240205;100006;1448.000000000;10;9523293268;S
20240205;100006;1448.400000000;34;9523293643;B
20240205;100006;1448.000000000;1;9523293750;S
20240205;100006;1448.000000000;1;9523294857;S
20240205;100006;1448.000000000;1;9523294865;S
20240205;100006;1448.400000000;2;9523294969;B
20240205;100006;1448.400000000;2;9523295244;B
20240205;100006;1448.200000000;100;9523295686;S
20240205;100006;1449.600000000;1;9523295896;B
20240205;100006;1448.200000000;11;9523295910;S
20240205;100006;1449.600000000;7;9523295913;B
20240205;100006;1449.600000000;7;9523295921;B
20240205;100006;1449.600000000;1;9523296057;B
20240205;100006;1449.600000000;1;9523296062;B
20240205;100006;1449.600000000;1;9523296066;B
20240205;100006;1449.600000000;2;9523296073;B
20240205;100006;1448.400000000;5;9523296219;S
20240205;100006;1449.600000000;1;9523296223;B
20240205;100006;1449.600000000;83;9523296580;B
20240205;100006;1449.800000000;1;9523296581;B
20240205;100006;1449.800000000;5;9523296582;B
20240205;100006;1449.800000000;30;9523296583;B
20240205;100006;1449.800000000;5;9523296584;B
20240205;100006;1450.000000000;1;9523296585;B
20240205;100006;1450.000000000;1;9523296586;B
20240205;100006;1450.000000000;2;9523296587;B
20240205;100006;1450.000000000;1;9523296588;B
20240205;100006;1450.000000000;10;9523296589;B
20240205;100006;1450.000000000;1;9523296590;B
20240205;100006;1449.000000000;50;9523296683;S
20240205;100006;1449.800000000;3;9523296864;B
20240205;100006;1448.400000000;12;9523296870;S
20240205;100007;1449.800000000;100;9523296877;B
20240205;100007;1448.400000000;1;9523296885;S
20240205;100007;1449.800000000;1;9523296894;B
20240205;100007;1449.800000000;1;9523296904;B
20240205;100007;1450.000000000;3;9523296913;B
20240205;100007;1449.800000000;62;9523297226;B
20240205;100007;1449.800000000;87;9523297227;B
20240205;100007;1448.800000000;10;9523297232;S
20240205;100007;1449.800000000;1;9523297277;B
20240205;100007;1448.600000000;700;9523298407;S
20240205;100007;1448.200000000;91;9523298408;S
20240205;100007;1447.200000000;16;9523298409;S
20240205;100007;1446.200000000;2;9523298410;S
20240205;100007;1446.200000000;1;9523298411;S
20240205;100007;1446.000000000;10;9523298412;S
20240205;100007;1445.800000000;10;9523298413;S
20240205;100007;1445.600000000;5;9523298414;S
20240205;100007;1445.600000000;3;9523298415;S
20240205;100007;1445.600000000;4;9523298416;S
20240205;100007;1445.600000000;1;9523298417;S
20240205;100007;1445.600000000;1;9523298418;S
20240205;100007;1445.600000000;1;9523298419;S
20240205;100007;1445.600000000;1;9523298420;S
20240205;100007;1445.600000000;4;9523298421;S
20240205;100007;1445.400000000;150;9523298422;S
20240205;100007;1449.000000000;1;9523298479;B
20240205;100007;1445.400000000;5;9523298482;S
20240205;100007;1449.400000000;6;9523298484;B
20240205;100007;1449.400000000;6;9523298487;B
20240205;100007;1449.600000000;1;9523298738;B
20240205;100007;1449.600000000;1;9523298745;B
20240205;100008;1449.600000000;1;9523299545;B
20240205;100008;1449.600000000;1;9523299546;B
20240205;100008;1449.600000000;1;9523299549;B
20240205;100008;1449.600000000;1;9523299550;B
20240205;100008;1447.200000000;1;9523299626;S
20240205;100008;1445.800000000;1;9523299635;S
20240205;100008;1445.800000000;1;9523300607;S
20240205;100008;1445.800000000;14;9523300608;S
20240205;100008;1445.800000000;1;9523301241;S
20240205;100008;1448.200000000;2;9523301315;B
20240205;100008;1448.200000000;159;9523301316;B
20240205;100008;1448.200000000;53;9523301317;B
20240205;100008;1449.600000000;2;9523301478;B
20240205;100008;1449.600000000;10;9523301484;B
20240205;100009;1449.600000000;92;9523302020;B
20240205;100009;1449.800000000;8;9523302021;B
20240205;100009;1449.400000000;1;9523302468;B
20240205;100009;1449.400000000;1;9523302469;B
20240205;100009;1449.400000000;1;9523302471;B
20240205;100009;1449.400000000;1;9523302472;B
20240205;100009;1449.400000000;2;9523302473;B
20240205;100009;1449.400000000;2;9523302475;B
20240205;100009;1448.400000000;1;9523302476;S
20240205;100009;1448.400000000;220;9523302785;S
20240205;100009;1448.200000000;30;9523302786;S
20240205;100010;1447.800000000;1;9523303694;B
20240205;100010;1447.800000000;4;9523303805;B
20240205;100010;1447.800000000;4;9523303871;B
20240205;100011;1448.000000000;17;9523304313;B
20240205;100011;1447.800000000;104;9523304597;B
20240205;100011;1447.800000000;1;9523304796;S
20240205;100012;1448.000000000;39;9523304914;B
20240205;100012;1447.800000000;3;9523305251;S
20240205;100012;1446.600000000;8;9523305252;S
20240205;100012;1445.800000000;9;9523305253;S
20240205;100013;1447.600000000;2;9523305738;S
20240205;100015;1448.000000000;5;9523307035;B
20240205;100015;1448.000000000;10;9523307100;B
20240205;100015;1448.000000000;2;9523307173;B
20240205;100017;1448.000000000;1;9523308713;B
20240205;100018;1448.000000000;1;9523309673;B
20240205;100020;1447.800000000;2;9523310654;S
20240205;100021;1447.800000000;61;9523311411;S
20240205;100021;1446.800000000;25;9523311412;S
20240205;100021;1446.400000000;64;9523311413;S
20240205;100022;1447.800000000;1;9523312173;B
20240205;100025;1448.000000000;1;9523313624;B
20240205;100025;1447.800000000;2;9523313698;S
20240205;100025;1447.800000000;3;9523313799;S
20240205;100025;1446.600000000;5;9523313872;S
20240205;100026;1447.800000000;2;9523314037;S
20240205;100026;1447.800000000;9;9523314043;S
20240205;100026;1448.000000000;1;9523314322;B
20240205;100027;1448.000000000;46;9523314465;B
20240205;100028;1447.800000000;100;9523315195;S
20240205;100029;1447.800000000;2;9523315829;B
20240205;100029;1447.800000000;20;9523315975;B
20240205;100031;1447.600000000;7;9523316699;S
20240205;100035;1447.800000000;2;9523318920;B
20240205;100036;1448.000000000;150;9523319114;B
20240205;100036;1448.600000000;25;9523319115;B
20240205;100036;1449.000000000;11;9523319116;B
20240205;100037;1448.600000000;16;9523319488;S
20240205;100037;1448.800000000;40;9523319827;S
20240205;100038;1449.000000000;3;9523319989;B
20240205;100038;1449.000000000;10;9523320110;B
20240205;100039;1449.000000000;1;9523320215;B
20240205;100039;1449.000000000;1;9523320310;B
20240205;100040;1449.000000000;1;9523320762;B
20240205;100041;1448.800000000;5;9523320881;S
20240205;100043;1449.000000000;9;9523321760;B
20240205;100044;1449.000000000;5;9523321929;B
20240205;100044;1449.000000000;1;9523322135;B
20240205;100045;1449.000000000;70;9523322416;B
20240205;100046;1449.200000000;2;9523322909;B
20240205;100047;1449.200000000;16;9523322964;B
20240205;100047;1449.000000000;4;9523322966;S
20240205;100047;1449.200000000;50;9523323059;B
20240205;100047;1449.200000000;10;9523323148;B
20240205;100048;1449.000000000;127;9523323412;S
20240205;100050;1449.200000000;4;9523323929;S
20240205;100051;1449.200000000;27;9523324281;S
20240205;100052;1449.200000000;1;9523324926;B
20240205;100053;1449.200000000;3;9523325019;B
20240205;100054;1449.200000000;17;9523325498;B
20240205;100054;1449.400000000;23;9523325499;B
20240205;100054;1449.000000000;3;9523325500;S
20240205;100054;1449.400000000;2;9523325724;B
20240205;100054;1449.800000000;9;9523325725;B
20240205;100055;1449.400000000;10;9523325982;B
20240205;100055;1449.400000000;1;9523326092;B
20240205;100055;1449.400000000;14;9523326127;B
20240205;100055;1449.400000000;2;9523326128;B
20240205;100057;1449.200000000;87;9523326593;S
20240205;100057;1449.000000000;13;9523326594;S
20240205;100100;1449.200000000;14;9523327627;B
20240205;100100;1449.200000000;19;9523327697;B
20240205;100100;1449.000000000;4;9523327750;S
20240205;100100;1449.000000000;7;9523327751;S
20240205;100101;1449.000000000;1;9523328113;S
20240205;100101;1449.400000000;1;9523328157;B
20240205;100105;1449.000000000;2;9523329299;S
20240205;100106;1449.200000000;5;9523329443;B
20240205;100107;1449.200000000;22;9523329650;B
20240205;100109;1449.200000000;1;9523330320;B
20240205;100109;1449.000000000;70;9523330444;S
20240205;100111;1449.200000000;5;9523331018;B
20240205;100113;1449.200000000;2;9523331613;B
20240205;100114;1449.200000000;15;9523332237;B
20240205;100115;1449.400000000;78;9523332284;S
20240205;100115;1449.400000000;22;9523332576;B
20240205;100115;1449.400000000;13;9523332577;B
20240205;100116;1449.200000000;15;9523332905;S
20240205;100116;1449.200000000;43;9523332906;S
20240205;100116;1448.800000000;5;9523332907;S
20240205;100116;1448.000000000;1;9523332908;S
20240205;100116;1448.000000000;25;9523332909;S
20240205;100116;1447.600000000;11;9523332910;S
20240205;100116;1447.800000000;100;9523332917;S
20240205;100116;1447.600000000;16;9523332920;S
20240205;100116;1446.800000000;25;9523332921;S
20240205;100116;1446.400000000;70;9523332922;S
20240205;100116;1446.000000000;5;9523332923;S
20240205;100116;1446.000000000;5;9523332924;S
20240205;100116;1446.000000000;1;9523332925;S
20240205;100116;1445.600000000;25;9523332926;S
20240205;100117;1445.200000000;25;9523332999;S
20240205;100117;1445.200000000;80;9523333166;B
20240205;100117;1445.200000000;70;9523333168;B
20240205;100117;1445.200000000;65;9523333169;B
20240205;100117;1447.600000000;1;9523333244;B
20240205;100117;1449.000000000;8;9523333248;B
20240205;100117;1447.200000000;10;9523333280;S
20240205;100118;1448.800000000;25;9523333383;B
20240205;100118;1449.000000000;17;9523333384;B
20240205;100120;1448.600000000;13;9523333990;B
20240205;100122;1448.200000000;1;9523334525;B
20240205;100127;1448.800000000;1;9523335710;B
20240205;100129;1448.200000000;3;9523336592;B
20240205;100130;1447.000000000;2;9523336929;S
20240205;100130;1446.600000000;25;9523336930;S
20240205;100130;1446.000000000;5;9523336931;S
20240205;100130;1446.000000000;68;9523336932;S
20240205;100132;1448.000000000;16;9523337447;B
20240205;100133;1448.800000000;2;9523337739;B
20240205;100134;1448.600000000;1;9523337853;B
20240205;100134;1448.400000000;10;9523337919;B
20240205;100136;1448.400000000;3;9523338844;B
20240205;100136;1448.400000000;2;9523338881;B
20240205;100136;1448.200000000;4;9523338885;S
20240205;100136;1447.000000000;25;9523338886;S
20240205;100136;1446.400000000;53;9523338887;S
20240205;100136;1446.200000000;157;9523338888;S
20240205;100137;1448.200000000;2;9523338946;B
20240205;100141;1448.800000000;1;9523340220;B
20240205;100144;1448.400000000;9;9523340934;S
20240205;100144;1448.400000000;1;9523340971;B
20240205;100145;1448.800000000;8;9523341251;B
20240205;100146;1448.000000000;1;9523341427;S
20240205;100146;1447.200000000;9;9523341428;S
20240205;100146;1448.600000000;100;9523341508;S
20240205;100146;1448.800000000;18;9523341686;B
20240205;100146;1448.600000000;22;9523341698;S
20240205;100150;1447.000000000;1;9523342728;S
20240205;100151;1446.400000000;5;9523342949;S
20240205;100151;1448.200000000;7;9523342988;B
20240205;100153;1448.000000000;1;9523344171;S
20240205;100154;1448.200000000;1;9523344389;B
20240205;100154;1448.200000000;1;9523344566;B
20240205;100155;1448.000000000;55;9523344791;B
20240205;100159;1448.200000000;1;9523345890;S
20240205;100200;1448.000000000;35;9523346236;B
20240205;100200;1448.200000000;25;9523346237;B
20240205;100203;1448.200000000;10;9523346966;S
20240205;100203;1448.200000000;10;9523347157;S
20240205;100204;1448.000000000;4;9523347244;S
20240205;100204;1446.800000000;25;9523347245;S
20240205;100204;1446.600000000;25;9523347246;S
20240205;100204;1446.400000000;16;9523347247;S
20240205;100204;1446.200000000;700;9523347248;S
20240205;100204;1446.000000000;30;9523347249;S
20240205;100204;1445.000000000;1;9523347250;S
20240205;100204;1445.000000000;15;9523347251;S
20240205;100204;1445.000000000;1;9523347252;S
20240205;100204;1445.000000000;1;9523347253;S
20240205;100204;1445.000000000;2;9523347254;S
20240205;100204;1444.800000000;30;9523347255;S
20240205;100204;1444.800000000;278;9523347256;S
20240205;100204;1444.800000000;104;9523347257;S
20240205;100204;1444.600000000;1;9523347258;S
20240205;100204;1444.600000000;444;9523347259;S
20240205;100204;1446.400000000;100;9523347429;B
20240205;100210;1446.200000000;100;9523349390;S
20240205;100211;1446.000000000;5;9523349618;S
20240205;100212;1446.000000000;10;9523349799;S
20240205;100212;1447.000000000;25;9523349850;B
20240205;100212;1447.000000000;25;9523349851;B
20240205;100212;1447.600000000;194;9523349852;B
20240205;100212;1447.600000000;56;9523349853;B
20240205;100215;1447.400000000;25;9523350489;B
20240205;100215;1447.800000000;9;9523350490;B
20240205;100215;1447.800000000;1;9523350690;B
20240205;100216;1447.800000000;6;9523350717;B
20240205;100216;1448.000000000;14;9523350718;B
20240205;100217;1448.000000000;11;9523351068;B
20240205;100217;1448.200000000;10;9523351069;B
20240205;100217;1448.600000000;21;9523351070;B
20240205;100221;1448.400000000;100;9523352904;S
20240205;100222;1448.400000000;12;9523353377;S
20240205;100224;1448.400000000;5;9523353865;S
20240205;100225;1448.600000000;50;9523353935;B
20240205;100227;1448.600000000;1;9523354513;B
20240205;100227;1448.600000000;1;9523354685;B
20240205;100227;1448.600000000;2;9523354755;B
20240205;100228;1448.400000000;48;9523355033;S
20240205;100228;1448.000000000;2;9523355034;S
20240205;100228;1448.000000000;7;9523355035;S
20240205;100228;1447.800000000;25;9523355036;S
20240205;100228;1447.200000000;8;9523355037;S
20240205;100228;1447.000000000;10;9523355038;S
20240205;100229;1448.400000000;1;9523355362;B
20240205;100231;1448.400000000;1;9523356170;B
20240205;100232;1448.400000000;1;9523356463;B
20240205;100232;1447.400000000;3;9523356673;S
20240205;100232;1447.200000000;7;9523356674;S
20240205;100237;1447.000000000;1;9523357866;S
20240205;100237;1446.800000000;100;9523357867;S
20240205;100237;1446.800000000;25;9523357868;S
20240205;100237;1446.000000000;5;9523357869;S
20240205;100237;1446.000000000;1;9523357870;S
20240205;100237;1446.000000000;25;9523357871;S
20240205;100237;1445.800000000;1;9523357872;S
20240205;100237;1445.400000000;16;9523357873;S
20240205;100237;1445.400000000;4;9523357874;S
20240205;100237;1445.200000000;194;9523357875;S
20240205;100237;1445.200000000;104;9523357876;S
20240205;100237;1445.200000000;32;9523357877;S
20240205;100237;1445.000000000;70;9523357878;S
20240205;100237;1445.000000000;1;9523357879;S
20240205;100237;1445.000000000;550;9523357880;S
20240205;100237;1444.400000000;700;9523357881;S
20240205;100237;1444.400000000;171;9523357882;S
20240205;100237;1445.200000000;100;9523357883;B
20240205;100238;1445.800000000;21;9523358391;B
20240205;100239;1446.200000000;14;9523358807;B
20240205;100242;1445.000000000;1;9523359336;S
20240205;100244;1445.600000000;2;9523359835;B
20240205;100244;1444.800000000;1;9523359931;S
20240205;100246;1445.600000000;3;9523360221;B
20240205;100248;1445.600000000;15;9523360747;B
20240205;100248;1445.600000000;24;9523360748;B
20240205;100248;1444.800000000;1;9523360879;S
20240205;100252;1445.800000000;40;9523361859;B
20240205;100254;1445.400000000;5;9523362212;S
20240205;100255;1446.000000000;2;9523362331;B
20240205;100256;1445.000000000;2;9523362754;S
20240205;100258;1445.000000000;1;9523363106;S
20240205;100300;1445.600000000;91;9523363497;B
20240205;100300;1445.800000000;9;9523363498;B
20240205;100302;1446.000000000;3;9523363949;B
20240205;100302;1446.000000000;3;9523363950;B
20240205;100304;1445.400000000;10;9523364507;S
20240205;100306;1445.400000000;7;9523364890;S
20240205;100306;1446.000000000;10;9523364973;B
20240205;100307;1445.400000000;1;9523365064;S
20240205;100308;1445.400000000;1;9523365244;S
20240205;100308;1445.400000000;1;9523365367;S
20240205;100312;1445.400000000;1;9523366498;S
20240205;100313;1446.000000000;3;9523366827;B
20240205;100313;1445.400000000;15;9523366851;S
20240205;100313;1445.200000000;1;9523366852;S
20240205;100313;1445.000000000;25;9523366853;S
20240205;100313;1445.000000000;1;9523366854;S
20240205;100313;1445.000000000;200;9523366855;S
20240205;100313;1444.800000000;25;9523366856;S
20240205;100313;1444.600000000;43;9523366857;S
20240205;100315;1445.600000000;1;9523367302;B
20240205;100321;1445.600000000;1;9523369178;S
20240205;100321;1445.600000000;1;9523369230;S
20240205;100323;1445.800000000;1;9523369557;B
20240205;100326;1445.800000000;2;9523370019;B
20240205;100328;1445.800000000;5;9523370635;B
20240205;100330;1445.800000000;10;9523371022;B
20240205;100330;1445.600000000;1;9523371155;S
20240205;100330;1445.600000000;2;9523371156;S
20240205;100331;1445.600000000;1;9523371272;S
20240205;100331;1445.800000000;10;9523371297;B
20240205;100336;1446.000000000;45;9523372284;B
20240205;100336;1445.600000000;1;9523372307;S
20240205;100340;1446.000000000;1;9523372909;B
20240205;100340;1446.000000000;28;9523372950;B
20240205;100343;1446.000000000;1;9523373798;B
20240205;100344;1446.000000000;35;9523373887;B
20240205;100346;1446.000000000;2;9523374140;B
20240205;100346;1446.000000000;1;9523374371;B
20240205;100349;1446.000000000;17;9523375242;B
20240205;100350;1446.000000000;1;9523375440;B
20240205;100351;1446.000000000;2;9523376008;B
20240205;100352;1446.000000000;4;9523376110;B
20240205;100352;1446.000000000;6;9523376261;B
20240205;100352;1446.000000000;1;9523376262;B
20240205;100355;1445.800000000;100;9523377121;S
20240205;100355;1445.800000000;1;9523377122;S
20240205;100355;1446.000000000;2;9523377141;B
20240205;100355;1446.000000000;10;9523377177;B
20240205;100356;1446.000000000;1;9523377447;B
20240205;100357;1446.000000000;2;9523377494;B
20240205;100357;1446.000000000;200;9523377619;B
20240205;100358;1445.800000000;10;9523377714;S
20240205;100359;1446.000000000;40;9523377936;B
20240205;100359;1446.000000000;1;9523377972;B
20240205;100400;1446.000000000;70;9523378319;B
20240205;100401;1446.000000000;4;9523378488;B
20240205;100403;1445.800000000;190;9523378789;S
20240205;100403;1445.800000000;5;9523378790;S
20240205;100403;1445.800000000;1;9523378791;S
20240205;100403;1445.800000000;16;9523378792;S
20240205;100403;1445.600000000;4;9523378793;S
20240205;100403;1445.600000000;34;9523378794;S
20240205;100405;1445.600000000;5;9523379299;S
20240205;100408;1445.600000000;6;9523379911;S
20240205;100408;1446.000000000;5;9523380003;B
20240205;100409;1445.600000000;5;9523380004;S
20240205;100409;1445.400000000;1;9523380005;S
20240205;100409;1445.400000000;14;9523380006;S
20240205;100409;1446.000000000;1;9523380107;B
20240205;100410;1446.000000000;2;9523380266;B
20240205;100413;1446.000000000;6;9523381040;B
20240205;100414;1445.600000000;1;9523381199;B
20240205;100417;1445.600000000;3;9523381714;B
20240205;100424;1446.000000000;17;9523382932;B
20240205;100424;1446.000000000;34;9523382933;B
20240205;100424;1446.000000000;1;9523382934;B
20240205;100424;1446.000000000;20;9523382935;B
20240205;100424;1446.000000000;40;9523382936;B
20240205;100424;1446.000000000;6;9523382937;B
20240205;100424;1446.200000000;5;9523383025;S
20240205;100425;1447.000000000;24;9523383115;B
20240205;100425;1447.200000000;2;9523383116;B
20240205;100425;1447.200000000;9;9523383117;B
20240205;100427;1446.200000000;4;9523383696;S
20240205;100428;1446.200000000;2;9523383948;S
20240205;100433;1447.200000000;4;9523384792;B
20240205;100433;1447.400000000;25;9523384793;B
20240205;100433;1447.600000000;11;9523384794;B
20240205;100435;1447.800000000;8;9523385039;B
20240205;100437;1447.800000000;1;9523385515;B
20240205;100439;1447.000000000;1;9523385827;S
20240205;100441;1447.800000000;1;9523386142;B
20240205;100441;1447.800000000;1;9523386166;B
20240205;100442;1447.800000000;5;9523386406;B
20240205;100444;1447.800000000;2;9523386795;B
20240205;100444;1447.800000000;7;9523386815;B
20240205;100444;1447.800000000;2;9523386816;B
20240205;100444;1448.000000000;1;9523386817;B
20240205;100444;1448.000000000;33;9523386818;B
20240205;100444;1448.000000000;2;9523386819;B
20240205;100444;1448.000000000;5;9523386820;B
20240205;100444;1448.000000000;14;9523386821;B
20240205;100444;1448.000000000;36;9523386822;B
20240205;100446;1447.800000000;5;9523387249;B
20240205;100446;1448.000000000;4;9523387250;B
20240205;100451;1447.600000000;3;9523388942;B
20240205;100452;1447.000000000;10;9523389107;S
20240205;100457;1447.600000000;5;9523390190;B
20240205;100457;1447.200000000;1;9523390200;S
20240205;100457;1447.000000000;14;9523390201;S
20240205;100457;1447.000000000;3;9523390202;S
20240205;100457;1446.400000000;5;9523390203;S
20240205;100457;1446.400000000;2;9523390204;S
20240205;100457;1447.400000000;1;9523390205;B
20240205;100501;1447.400000000;10;9523391101;B
20240205;100501;1447.400000000;3;9523391232;B
20240205;100502;1446.600000000;2;9523391275;S
20240205;100503;1447.200000000;1;9523391659;B
20240205;100505;1447.200000000;1;9523392102;B
20240205;100505;1447.200000000;12;9523392259;B
20240205;100505;1447.400000000;12;9523392260;B
20240205;100505;1447.400000000;1;9523392261;B
20240205;100507;1447.400000000;25;9523392751;B
20240205;100507;1447.400000000;2;9523392752;B
20240205;100507;1447.600000000;35;9523392753;B
20240205;100507;1447.600000000;1;9523392754;B
20240205;100507;1447.600000000;37;9523392755;B
20240205;100508;1447.600000000;4;9523392907;B
20240205;100509;1447.800000000;2;9523393188;B
20240205;100513;1447.200000000;4;9523393834;S
20240205;100514;1447.800000000;1;9523394136;B
20240205;100515;1447.800000000;1;9523394269;B
20240205;100520;1447.800000000;20;9523395562;B
20240205;100523;1447.800000000;1;9523396208;B
20240205;100524;1447.800000000;25;9523396406;B
20240205;100525;1447.800000000;1;9523396421;B
20240205;100527;1447.200000000;2;9523396769;S
20240205;100527;1447.200000000;13;9523396770;S
20240205;100527;1447.200000000;104;9523396771;S
20240205;100527;1447.000000000;2;9523396772;S
20240205;100527;1447.000000000;25;9523396773;S
20240205;100527;1447.000000000;10;9523396774;S
20240205;100527;1447.000000000;49;9523396775;S
20240205;100527;1446.600000000;11;9523396776;S
20240205;100527;1446.600000000;25;9523396777;S
20240205;100527;1446.600000000;20;9523396778;S
20240205;100527;1446.400000000;58;9523396779;S
20240205;100527;1446.400000000;300;9523396780;S
20240205;100527;1446.000000000;50;9523396781;S
20240205;100527;1446.000000000;1;9523396782;S
20240205;100527;1446.000000000;3;9523396783;S
20240205;100527;1446.000000000;352;9523396784;S
20240205;100530;1447.000000000;1;9523397463;B
20240205;100533;1447.400000000;10;9523397977;B
20240205;100534;1447.200000000;1;9523398510;B
20240205;100534;1447.200000000;6;9523398523;B
20240205;100535;1447.200000000;11;9523398698;B
20240205;100535;1447.200000000;30;9523398707;B
20240205;100536;1447.200000000;1;9523398779;B
20240205;100536;1447.200000000;30;9523398835;B
20240205;100538;1447.000000000;4;9523399310;S
20240205;100538;1446.600000000;1;9523399311;S
20240205;100538;1446.400000000;5;9523399312;S
20240205;100541;1447.000000000;3;9523399908;B
20240205;100541;1447.000000000;21;9523399920;B
20240205;100541;1447.000000000;4;9523399921;B
20240205;100541;1447.200000000;26;9523399922;B
20240205;100541;1447.200000000;12;9523399923;B
20240205;100541;1447.200000000;5;9523399924;B
20240205;100542;1447.200000000;1;9523400030;B
20240205;100544;1447.000000000;2;9523400406;S
20240205;100544;1447.000000000;16;9523400479;S
20240205;100545;1447.200000000;1;9523400669;B
20240205;100545;1447.200000000;7;9523400714;B
20240205;100546;1447.000000000;20;9523400887;S
20240205;100548;1447.200000000;2;9523401326;B
20240205;100549;1447.200000000;2;9523401565;B
20240205;100550;1447.000000000;10;9523401742;S
20240205;100553;1447.200000000;1;9523402302;B
20240205;100553;1447.200000000;1;9523402391;B
20240205;100555;1447.000000000;22;9523402677;S
20240205;100557;1446.600000000;1;9523403037;S
20240205;100559;1447.000000000;5;9523403602;B
20240205;100603;1446.600000000;5;9523404426;S
20240205;100604;1447.000000000;2;9523404779;B
20240205;100604;1447.000000000;1;9523404784;B
20240205;100605;1447.000000000;1;9523405068;B
20240205;100607;1446.600000000;5;9523405416;S
20240205;100609;1446.400000000;1;9523405661;S
20240205;100612;1446.400000000;12;9523406438;S
20240205;100612;1446.200000000;8;9523406439;S
20240205;100614;1447.000000000;1;9523407032;B
20240205;100615;1447.000000000;1;9523407259;B
20240205;100617;1447.000000000;1;9523407622;B
20240205;100618;1447.000000000;1;9523407741;B
20240205;100619;1447.000000000;35;9523408104;B
20240205;100619;1447.000000000;8;9523408105;B
20240205;100619;1447.000000000;35;9523408106;B
20240205;100619;1447.200000000;27;9523408107;B
20240205;100619;1447.200000000;12;9523408108;B
20240205;100619;1447.200000000;60;9523408109;B
20240205;100619;1447.400000000;25;9523408110;B
20240205;100619;1447.600000000;194;9523408111;B
20240205;100619;1447.600000000;16;9523408112;B
20240205;100619;1447.800000000;49;9523408113;B
20240205;100619;1447.800000000;39;9523408114;B
20240205;100619;1447.800000000;1;9523408199;B
20240205;100620;1447.800000000;2;9523408384;B
20240205;100625;1446.800000000;1;9523409389;S
20240205;100632;1447.600000000;1;9523410654;B
20240205;100632;1447.600000000;2;9523410655;B
20240205;100638;1446.800000000;14;9523411834;S
20240205;100638;1447.600000000;1;9523411901;B
20240205;100639;1447.600000000;13;9523411918;B
20240205;100639;1447.800000000;4;9523411919;B
20240205;100639;1447.800000000;58;9523411920;B
20240205;100639;1447.800000000;25;9523411921;B
20240205;100639;1447.800000000;11;9523411922;B
20240205;100639;1448.000000000;1;9523411923;B
20240205;100639;1448.000000000;3;9523411924;B
20240205;100639;1448.000000000;5;9523411925;B
20240205;100639;1448.200000000;80;9523411926;B
20240205;100639;1448.200000000;54;9523411927;B
20240205;100639;1448.400000000;246;9523411928;B
20240205;100640;1447.800000000;23;9523412116;B
20240205;100640;1448.000000000;11;9523412117;B
20240205;100640;1448.000000000;25;9523412118;B
20240205;100640;1448.200000000;57;9523412119;B
20240205;100640;1448.400000000;32;9523412120;B
20240205;100640;1448.400000000;352;9523412121;B
20240205;100645;1447.800000000;11;9523413054;B
20240205;100645;1448.000000000;25;9523413055;B
20240205;100645;1448.000000000;11;9523413056;B
20240205;100645;1448.400000000;26;9523413057;B
20240205;100646;1446.800000000;1;9523413278;S
20240205;100647;1447.600000000;1;9523413508;B
20240205;100650;1447.800000000;6;9523414248;B
20240205;100650;1448.000000000;8;9523414249;B
20240205;100650;1447.800000000;3;9523414295;B
20240205;100650;1448.000000000;1;9523414296;B
20240205;100650;1447.800000000;1;9523414315;B
20240205;100650;1448.000000000;16;9523414316;B
20240205;100650;1448.000000000;11;9523414317;B
20240205;100650;1448.200000000;56;9523414318;B
20240205;100650;1448.400000000;54;9523414319;B
20240205;100654;1447.800000000;1;9523415215;B
20240205;100654;1448.000000000;11;9523415216;B
20240205;100654;1448.200000000;25;9523415217;B
20240205;100654;1448.400000000;55;9523415218;B
20240205;100654;1448.600000000;216;9523415219;B
20240205;100654;1448.600000000;1;9523415220;B
20240205;100654;1448.800000000;3;9523415221;B
20240205;100654;1448.800000000;3;9523415222;B
20240205;100654;1447.800000000;1;9523415236;B
20240205;100654;1448.600000000;55;9523415237;B
20240205;100654;1448.600000000;8;9523415238;B
20240205;100654;1447.800000000;1;9523415315;S
20240205;100654;1447.200000000;25;9523415316;S
20240205;100654;1446.800000000;10;9523415317;S
20240205;100654;1446.800000000;104;9523415318;S
20240205;100654;1446.600000000;5;9523415319;S
20240205;100654;1446.600000000;12;9523415320;S
20240205;100654;1446.600000000;25;9523415321;S
20240205;100654;1446.400000000;18;9523415322;S
20240205;100654;1448.000000000;25;9523415379;B
20240205;100654;1448.200000000;25;9523415380;B
20240205;100654;1448.200000000;12;9523415381;B
20240205;100656;1448.600000000;25;9523415637;B
20240205;100656;1448.600000000;10;9523415638;B
20240205;100656;1448.600000000;54;9523415639;B
20240205;100656;1448.800000000;24;9523415640;B
20240205;100656;1448.800000000;6;9523415641;B
20240205;100656;1449.000000000;241;9523415642;B
20240205;100656;1449.400000000;140;9523415643;B
20240205;100657;1448.800000000;2;9523415841;B
20240205;100657;1448.200000000;8;9523415851;S
20240205;100658;1448.800000000;1;9523415902;B
20240205;100659;1448.800000000;1;9523416230;B
20240205;100700;1448.800000000;4;9523416456;B
20240205;100700;1448.800000000;10;9523416457;B
20240205;100700;1449.000000000;25;9523416458;B
20240205;100700;1449.000000000;8;9523416459;B
20240205;100700;1449.000000000;53;9523416460;B
20240205;100700;1449.600000000;7;9523416461;B
20240205;100700;1449.600000000;1;9523416462;B
20240205;100700;1449.600000000;5;9523416463;B
20240205;100700;1449.800000000;5;9523416464;B
20240205;100700;1449.800000000;532;9523416465;B
20240205;100701;1448.200000000;2;9523416584;S
20240205;100701;1449.000000000;2;9523416700;B
20240205;100701;1449.200000000;2;9523416701;B
20240205;100705;1448.000000000;7;9523417552;S
20240205;100705;1447.800000000;25;9523417553;S
20240205;100705;1447.800000000;10;9523417554;S
20240205;100705;1447.600000000;58;9523417555;S
20240205;100712;1448.200000000;1;9523418979;B
20240205;100712;1448.200000000;4;9523419104;B
20240205;100712;1448.400000000;25;9523419105;B
20240205;100712;1448.400000000;51;9523419106;B
20240205;100712;1448.800000000;72;9523419107;B
20240205;100712;1449.000000000;25;9523419108;B
20240205;100712;1449.400000000;104;9523419109;B
20240205;100712;1449.600000000;150;9523419110;B
20240205;100712;1449.600000000;69;9523419111;B
20240205;100714;1449.200000000;50;9523419496;B
20240205;100716;1449.200000000;126;9523419772;B
20240205;100716;1449.200000000;10;9523419773;B
20240205;100716;1449.200000000;50;9523419774;B
20240205;100716;1449.400000000;25;9523419775;B
20240205;100716;1449.800000000;10;9523419776;B
20240205;100716;1450.000000000;566;9523419777;B
20240205;100716;1450.000000000;65;9523419778;B
20240205;100716;1450.000000000;50;9523419779;B
20240205;100716;1450.000000000;30;9523419780;B
20240205;100716;1450.000000000;1;9523419781;B
20240205;100716;1450.000000000;5;9523419782;B
20240205;100716;1450.000000000;1;9523419783;B
20240205;100716;1450.000000000;61;9523419784;B
20240205;100716;1449.400000000;7;9523419808;B
20240205;100718;1448.800000000;1;9523420242;B
20240205;100724;1448.800000000;3;9523421649;B
20240205;100726;1448.800000000;47;9523421883;B
20240205;100726;1449.000000000;10;9523421884;B
20240205;100726;1449.000000000;50;9523421885;B
20240205;100726;1449.400000000;18;9523421886;B
20240205;100726;1449.800000000;64;9523421887;B
20240205;100726;1450.000000000;39;9523421888;B
20240205;100726;1450.000000000;100;9523421889;B
20240205;100726;1450.000000000;1;9523421890;B
20240205;100726;1450.000000000;1;9523421891;B
20240205;100726;1450.000000000;1;9523421892;B
20240205;100726;1450.000000000;10;9523421893;B
20240205;100726;1450.000000000;50;9523421894;B
20240205;100726;1450.000000000;483;9523421895;B
20240205;100726;1450.000000000;5;9523421896;B
20240205;100726;1450.000000000;2;9523421897;B
20240205;100726;1450.200000000;4;9523421898;B
20240205;100726;1450.200000000;2;9523421899;B
20240205;100726;1450.200000000;13;9523421900;B
20240205;100726;1449.800000000;72;9523422020;B
20240205;100726;1450.000000000;9;9523422021;B
20240205;100726;1450.200000000;50;9523422022;B
20240205;100726;1450.200000000;24;9523422023;B
20240205;100727;1450.200000000;50;9523422241;B
20240205;100730;1450.000000000;120;9523422578;B
20240205;100730;1450.000000000;49;9523422579;B
20240205;100730;1450.000000000;9;9523422580;B
20240205;100730;1450.000000000;50;9523422581;B
20240205;100730;1450.200000000;25;9523422582;B
20240205;100730;1450.800000000;5;9523422583;B
20240205;100730;1451.000000000;1;9523422584;B
20240205;100730;1451.000000000;9;9523422585;B
20240205;100730;1451.000000000;74;9523422586;B
20240205;100730;1451.000000000;1;9523422587;B
20240205;100730;1451.000000000;5;9523422588;B
20240205;100730;1451.000000000;438;9523422589;B
20240205;100730;1451.200000000;100;9523422590;B
20240205;100730;1451.200000000;5;9523422591;B
20240205;100730;1451.200000000;10;9523422592;B
20240205;100730;1451.200000000;99;9523422593;B
20240205;100730;1450.800000000;15;9523422613;B
20240205;100730;1450.800000000;5;9523422661;B
20240205;100731;1450.800000000;148;9523422740;B
20240205;100731;1451.000000000;49;9523422741;B
20240205;100731;1451.200000000;25;9523422742;B
20240205;100731;1451.400000000;1;9523422743;B
20240205;100731;1451.400000000;20;9523422744;B
20240205;100731;1451.400000000;5;9523422745;B
20240205;100731;1451.600000000;5;9523422746;B
20240205;100731;1451.600000000;104;9523422747;B
20240205;100731;1451.600000000;51;9523422748;B
20240205;100735;1450.600000000;2;9523423675;B
20240205;100735;1451.000000000;5;9523423676;B
20240205;100735;1451.000000000;6;9523423677;B
20240205;100736;1451.200000000;10;9523423730;B
20240205;100737;1451.200000000;5;9523424003;B
20240205;100738;1450.000000000;12;9523424073;S
20240205;100739;1451.000000000;12;9523424267;B
20240205;100739;1451.200000000;129;9523424268;B
20240205;100739;1451.200000000;9;9523424269;B
20240205;100739;1451.400000000;25;9523424270;B
20240205;100739;1451.400000000;48;9523424271;B
20240205;100739;1451.800000000;5;9523424272;B
20240205;100739;1451.800000000;5;9523424273;B
20240205;100739;1451.800000000;3;9523424274;B
20240205;100739;1451.800000000;20;9523424275;B
20240205;100739;1451.800000000;5;9523424276;B
20240205;100739;1451.800000000;10;9523424277;B
20240205;100739;1452.000000000;1;9523424278;B
20240205;100739;1452.000000000;21;9523424279;B
20240205;100739;1452.000000000;75;9523424280;B
20240205;100739;1452.000000000;10;9523424281;B
20240205;100739;1452.000000000;10;9523424282;B
20240205;100739;1452.000000000;1;9523424283;B
20240205;100739;1452.000000000;10;9523424284;B
20240205;100739;1452.200000000;601;9523424285;B
20240205;100740;1451.000000000;1;9523424509;B
20240205;100742;1451.000000000;4;9523424742;B
20240205;100742;1451.200000000;5;9523424743;B
20240205;100743;1451.200000000;100;9523424858;S
20240205;100743;1451.400000000;3;9523425026;B
20240205;100744;1451.400000000;10;9523425048;B
20240205;100746;1451.400000000;43;9523425383;B
20240205;100746;1451.600000000;47;9523425384;B
20240205;100746;1452.000000000;5;9523425385;B
20240205;100746;1452.000000000;1;9523425386;B
20240205;100746;1452.200000000;4;9523425387;B
20240205;100746;1452.200000000;1;9523425459;B
20240205;100753;1451.200000000;104;9523426690;S
20240205;100753;1451.000000000;25;9523426691;S
20240205;100753;1451.000000000;73;9523426692;S
20240205;100753;1451.800000000;6;9523426755;B
20240205;100757;1451.200000000;121;9523427578;S
20240205;100757;1451.000000000;20;9523427583;S
20240205;100757;1451.200000000;60;9523427607;S
20240205;100757;1451.000000000;7;9523427676;S
20240205;100757;1451.000000000;2;9523427677;S
20240205;100757;1451.000000000;13;9523427678;S
20240205;100757;1451.200000000;30;9523427680;S
20240205;100758;1451.200000000;15;9523427748;S
20240205;100758;1451.200000000;8;9523427757;S
20240205;100758;1451.400000000;7;9523427903;B
20240205;100758;1451.200000000;4;9523427904;S
20240205;100758;1451.000000000;87;9523427929;S
20240205;100759;1451.200000000;9;9523427939;B
20240205;100759;1451.400000000;51;9523427940;B
20240205;100759;1451.400000000;47;9523427941;B
20240205;100759;1451.400000000;25;9523427942;B
20240205;100759;1451.600000000;18;9523427943;B
20240205;100759;1450.800000000;2;9523428170;S
20240205;100759;1450.800000000;1;9523428171;S
20240205;100759;1450.800000000;1;9523428252;S
20240205;100801;1451.000000000;40;9523428687;B
20240205;100801;1451.000000000;9;9523428688;B
20240205;100801;1451.200000000;47;9523428689;B
20240205;100801;1451.600000000;22;9523428690;B
20240205;100801;1451.600000000;25;9523428691;B
20240205;100801;1451.800000000;104;9523428692;B
20240205;100801;1451.800000000;40;9523428693;B
20240205;100801;1452.000000000;1;9523428694;B
20240205;100801;1452.000000000;712;9523428695;B
20240205;100801;1450.800000000;1;9523428716;S
20240205;100802;1450.800000000;24;9523428931;S
20240205;100802;1450.600000000;50;9523428932;S
20240205;100802;1450.600000000;26;9523428933;S
20240205;100802;1451.600000000;1;9523428974;B
20240205;100806;1451.200000000;9;9523429682;B
20240205;100806;1451.400000000;21;9523429683;B
20240205;100810;1451.400000000;30;9523430270;B
20240205;100810;1451.200000000;47;9523430332;B
20240205;100810;1451.200000000;9;9523430333;B
20240205;100810;1451.400000000;270;9523430334;B
20240205;100810;1451.600000000;24;9523430335;B
20240205;100810;1451.600000000;25;9523430336;B
20240205;100810;1452.000000000;288;9523430337;B
20240205;100810;1452.000000000;112;9523430338;B
20240205;100810;1452.200000000;10;9523430339;B
20240205;100810;1452.200000000;12;9523430340;B
20240205;100810;1452.400000000;50;9523430341;B
20240205;100810;1452.400000000;5;9523430342;B
20240205;100810;1452.400000000;3;9523430343;B
20240205;100810;1452.600000000;145;9523430344;B
20240205;100810;1452.400000000;5;9523430419;B
20240205;100811;1451.600000000;25;9523430611;S
20240205;100811;1451.400000000;20;9523430612;S
20240205;100811;1451.000000000;16;9523430613;S
20240205;100811;1450.800000000;75;9523430614;S
20240205;100812;1450.600000000;24;9523430650;S
20240205;100812;1450.600000000;5;9523430651;S
20240205;100812;1450.600000000;26;9523430652;S
20240205;100812;1450.600000000;74;9523430653;S
20240205;100812;1450.600000000;25;9523430654;B
20240205;100812;1450.000000000;1;9523430655;S
20240205;100812;1450.000000000;49;9523430656;S
20240205;100812;1450.000000000;10;9523430657;S
20240205;100812;1450.000000000;50;9523430658;S
20240205;100812;1450.000000000;2;9523430659;S
20240205;100812;1450.000000000;3;9523430660;S
20240205;100812;1449.200000000;25;9523430661;S
20240205;100812;1449.200000000;45;9523430662;S
20240205;100812;1449.200000000;25;9523430663;S
20240205;100812;1449.200000000;25;9523430664;S
20240205;100812;1449.200000000;50;9523430737;B
20240205;100813;1450.400000000;1;9523430847;B
20240205;100815;1450.400000000;24;9523431224;B
20240205;100815;1450.600000000;76;9523431225;B
20240205;100817;1450.400000000;8;9523431702;B
20240205;100819;1450.000000000;7;9523432022;S
20240205;100819;1450.000000000;1;9523432043;B
20240205;100820;1449.800000000;16;9523432138;S
20240205;100820;1450.400000000;17;9523432189;B
20240205;100820;1450.600000000;3;9523432190;B
20240205;100820;1450.800000000;1;9523432191;B
20240205;100820;1450.800000000;8;9523432192;B
20240205;100820;1450.800000000;5;9523432193;B
20240205;100820;1450.800000000;47;9523432194;B
20240205;100820;1451.400000000;19;9523432195;B
20240205;100820;1451.400000000;21;9523432196;B
20240205;100820;1451.400000000;1;9523432197;S
20240205;100820;1451.400000000;78;9523432198;S
20240205;100820;1452.200000000;1;9523432276;B
20240205;100826;1451.400000000;1;9523433255;S
20240205;100826;1451.400000000;8;9523433256;S
20240205;100827;1450.600000000;25;9523433275;S
20240205;100827;1450.200000000;1;9523433276;S
20240205;100827;1450.200000000;25;9523433277;S
20240205;100827;1450.200000000;49;9523433278;S
20240205;100829;1450.400000000;25;9523433656;S
20240205;100829;1450.000000000;25;9523433657;S
20240205;100829;1449.800000000;48;9523433658;S
20240205;100830;1450.600000000;25;9523433816;B
20240205;100830;1450.800000000;44;9523433817;B
20240205;100830;1451.600000000;25;9523433818;B
20240205;100830;1451.800000000;16;9523433819;B
20240205;100830;1452.000000000;48;9523433820;B
20240205;100830;1452.000000000;50;9523433821;B
20240205;100830;1452.000000000;43;9523433822;B
20240205;100830;1452.200000000;8;9523433823;B
20240205;100830;1452.200000000;1;9523433824;B
20240205;100830;1452.200000000;20;9523433825;B
20240205;100830;1452.200000000;121;9523433826;B
20240205;100830;1452.200000000;70;9523433827;B
20240205;100830;1452.200000000;16;9523433828;B
20240205;100830;1452.400000000;10;9523433829;B
20240205;100830;1452.400000000;50;9523433830;B
20240205;100830;1452.400000000;50;9523433831;B
20240205;100830;1452.600000000;48;9523433832;B
20240205;100830;1452.600000000;1;9523433833;B
20240205;100830;1452.600000000;1;9523433834;B
20240205;100830;1452.600000000;1;9523433835;B
20240205;100830;1452.600000000;1;9523433836;B
20240205;100830;1452.600000000;1;9523433837;B
20240205;100830;1452.600000000;1;9523433838;B
20240205;100830;1452.600000000;1;9523433839;B
20240205;100830;1452.600000000;1;9523433840;B
20240205;100830;1452.600000000;1;9523433841;B
20240205;100830;1452.600000000;7;9523433842;B
20240205;100830;1452.800000000;1;9523433843;B
20240205;100830;1452.800000000;24;9523433844;B
20240205;100830;1452.800000000;314;9523433845;B
20240205;100830;1452.000000000;25;9523433994;B
20240205;100830;1452.000000000;9;9523433995;B
20240205;100830;1452.400000000;72;9523433996;B
20240205;100830;1452.400000000;45;9523433997;B
20240205;100830;1453.000000000;1;9523433998;B
20240205;100830;1453.000000000;1;9523433999;B
20240205;100830;1453.000000000;25;9523434000;B
20240205;100830;1453.200000000;22;9523434001;B
20240205;100831;1452.800000000;3;9523434046;B
20240205;100833;1452.000000000;30;9523434450;B
20240205;100834;1452.000000000;4;9523434498;B
20240205;100835;1452.000000000;1;9523434824;B
20240205;100836;1451.200000000;15;9523434995;S
20240205;100840;1451.600000000;5;9523435767;B
20240205;100841;1451.800000000;1;9523435915;B
20240205;100842;1451.800000000;1;9523436066;B
20240205;100843;1451.800000000;13;9523436241;B
20240205;100843;1451.800000000;44;9523436242;B
20240205;100843;1452.000000000;35;9523436243;B
20240205;100843;1452.000000000;8;9523436244;B
20240205;100843;1452.200000000;3;9523436245;B
20240205;100843;1452.400000000;25;9523436246;B
20240205;100843;1452.600000000;49;9523436247;B
20240205;100843;1452.600000000;45;9523436248;B
20240205;100843;1452.800000000;488;9523436249;B
20240205;100844;1451.800000000;8;9523436359;B
20240205;100844;1452.600000000;29;9523436360;B
20240205;100844;1452.600000000;93;9523436361;B
20240205;100844;1452.800000000;6;9523436362;B
20240205;100844;1453.000000000;8;9523436363;B
20240205;100844;1453.000000000;43;9523436364;B
20240205;100844;1453.000000000;213;9523436365;S
20240205;100844;1452.000000000;25;9523436371;S
20240205;100844;1451.800000000;25;9523436372;S
20240205;100844;1451.800000000;50;9523436373;S
20240205;100844;1452.800000000;7;9523436450;B
20240205;100845;1452.800000000;2;9523436562;B
20240205;100846;1452.800000000;1;9523436643;B
20240205;100847;1451.600000000;25;9523437032;S
20240205;100847;1451.600000000;75;9523437033;S
20240205;100850;1452.400000000;25;9523437385;B
20240205;100850;1452.400000000;75;9523437386;S
20240205;100850;1452.200000000;25;9523437387;S
20240205;100850;1452.200000000;75;9523437388;S
20240205;100856;1452.000000000;4;9523438529;B
20240205;100900;1452.000000000;1;9523439313;B
20240205;100901;1451.400000000;1;9523439504;S
20240205;100901;1452.000000000;1;9523439505;B
20240205;100901;1451.200000000;10;9523439519;S
20240205;100901;1451.200000000;2;9523439528;S
20240205;100903;1452.000000000;9;9523439740;B
20240205;100903;1452.000000000;1;9523439741;B
20240205;100905;1451.200000000;5;9523440374;S
20240205;100911;1451.800000000;3;9523441769;B
20240205;100912;1451.200000000;3;9523441838;S
20240205;100913;1451.200000000;4;9523442082;S
20240205;100914;1451.200000000;1;9523442230;B
20240205;100916;1451.200000000;1;9523442652;B
20240205;100917;1451.200000000;131;9523442789;B
20240205;100917;1451.000000000;2;9523442794;S
20240205;100917;1451.000000000;98;9523442795;S
20240205;100917;1451.000000000;1;9523442879;S
20240205;100917;1451.000000000;2;9523442880;S
20240205;100917;1451.000000000;98;9523442881;S
20240205;100919;1450.800000000;2;9523443195;S
20240205;100920;1451.000000000;10;9523443233;B
20240205;100923;1450.200000000;50;9523443727;S
20240205;100923;1450.200000000;1;9523443728;S
20240205;100923;1450.200000000;25;9523443729;S
20240205;100923;1450.000000000;42;9523443730;S
20240205;100924;1450.000000000;35;9523443911;S
20240205;100926;1450.200000000;1;9523444418;B
20240205;100928;1450.200000000;1;9523444829;B
20240205;100933;1450.000000000;4;9523445806;S
20240205;100935;1450.000000000;8;9523446103;S
20240205;100937;1450.800000000;9;9523446410;B
20240205;100938;1450.200000000;1;9523446536;S
20240205;100938;1450.000000000;11;9523446537;S
20240205;100938;1450.000000000;5;9523446538;S
20240205;100938;1450.000000000;3;9523446539;S
20240205;100939;1450.800000000;2;9523446654;B
20240205;100939;1450.800000000;39;9523446785;B
20240205;100939;1450.800000000;8;9523446786;B
20240205;100939;1451.000000000;7;9523446787;B
20240205;100939;1451.000000000;16;9523446788;B
20240205;100940;1451.000000000;1;9523446846;B
20240205;100943;1450.200000000;4;9523447311;S
20240205;100943;1450.200000000;1;9523447312;S
20240205;100943;1450.200000000;7;9523447313;S
20240205;100943;1450.200000000;1;9523447314;S
20240205;100948;1450.200000000;5;9523448340;S
20240205;100950;1451.000000000;1;9523448672;B
20240205;100952;1451.000000000;3;9523449171;B
20240205;100952;1451.000000000;1;9523449172;B
20240205;100953;1451.200000000;1;9523449353;B
20240205;100956;1451.000000000;3;9523449815;S
20240205;100957;1451.000000000;7;9523450054;S
20240205;101001;1451.200000000;2;9523450908;B
20240205;101003;1451.000000000;8;9523451259;S
20240205;101005;1451.200000000;4;9523451716;B
20240205;101007;1451.000000000;1;9523452057;S
20240205;101009;1451.200000000;3;9523452501;B
20240205;101009;1451.000000000;40;9523452546;S
20240205;101011;1451.200000000;1;9523452737;B
20240205;101011;1451.200000000;5;9523452805;B
20240205;101012;1451.000000000;1;9523452964;S
20240205;101012;1451.200000000;1;9523453056;B
20240205;101013;1451.200000000;1;9523453118;B
20240205;101016;1451.000000000;50;9523453610;S
20240205;101017;1451.200000000;1;9523453739;B
20240205;101017;1451.000000000;12;9523453834;S
20240205;101017;1451.200000000;1;9523453879;B
20240205;101019;1451.200000000;5;9523454211;B
20240205;101021;1451.000000000;81;9523454618;S
20240205;101021;1451.000000000;1;9523454619;S
20240205;101021;1451.000000000;10;9523454620;S
20240205;101021;1451.000000000;12;9523454621;S
20240205;101023;1451.000000000;3;9523455074;S
20240205;101023;1451.200000000;20;9523455081;B
20240205;101024;1451.200000000;1;9523455165;B
20240205;101024;1451.200000000;2;9523455213;B
20240205;101024;1451.000000000;15;9523455257;S
20240205;101026;1451.200000000;5;9523455951;B
20240205;101028;1451.200000000;7;9523456210;B
20240205;101028;1451.200000000;1;9523456298;B
20240205;101030;1451.200000000;2;9523456549;B
20240205;101030;1451.000000000;1;9523456577;S
20240205;101030;1451.000000000;1;9523456589;S
20240205;101034;1451.200000000;1;9523457633;B
20240205;101035;1451.000000000;4;9523457668;S
20240205;101035;1451.000000000;1;9523457751;S
20240205;101036;1451.000000000;300;9523457839;S
20240205;101036;1451.200000000;137;9523457962;B
20240205;101037;1451.000000000;7;9523458086;S
20240205;101040;1451.200000000;1;9523458670;B
20240205;101040;1451.000000000;1;9523458678;S
20240205;101041;1451.200000000;4;9523458779;B
20240205;101043;1451.000000000;1;9523459124;S
20240205;101043;1451.200000000;10;9523459291;B
20240205;101044;1451.000000000;3;9523459380;S
20240205;101044;1451.200000000;47;9523459408;B
20240205;101044;1451.200000000;9;9523459409;B
20240205;101044;1451.200000000;10;9523459410;B
20240205;101044;1451.200000000;2;9523459411;B
20240205;101044;1451.000000000;8;9523459430;S
20240205;101045;1451.000000000;143;9523459517;S
20240205;101045;1451.000000000;5;9523459518;S
20240205;101045;1451.000000000;22;9523459519;S
20240205;101045;1451.000000000;1;9523459520;S
20240205;101045;1451.000000000;5;9523459521;S
20240205;101045;1451.000000000;3;9523459522;S
20240205;101045;1451.000000000;1;9523459583;B
20240205;101047;1451.000000000;2;9523459884;B
20240205;101055;1450.600000000;4;9523461360;S
20240205;101055;1450.600000000;3;9523461392;S
20240205;101058;1450.600000000;50;9523462132;S
20240205;101059;1451.000000000;8;9523462624;B
20240205;101101;1450.600000000;4;9523463024;S
20240205;101106;1451.000000000;9;9523463725;B
20240205;101106;1451.000000000;47;9523463726;B
20240205;101106;1451.000000000;266;9523463727;S
20240205;101107;1450.600000000;15;9523464079;S
20240205;101107;1451.200000000;1;9523464139;B
20240205;101108;1451.000000000;1;9523464201;S
20240205;101108;1450.600000000;1;9523464304;S
20240205;101110;1451.200000000;1;9523464537;B
20240205;101113;1451.000000000;1;9523465046;S
20240205;101115;1451.200000000;1;9523465330;B
20240205;101116;1451.200000000;1;9523465394;B
20240205;101118;1451.000000000;9;9523465682;S
20240205;101118;1451.000000000;33;9523465683;S
20240205;101118;1450.600000000;12;9523465740;S
20240205;101120;1450.600000000;3;9523466071;S
20240205;101120;1451.000000000;24;9523466123;B
20240205;101129;1451.000000000;10;9523467520;B
20240205;101129;1451.000000000;5;9523467546;B
20240205;101129;1451.000000000;1;9523467623;B
20240205;101132;1450.800000000;9;9523468007;S
20240205;101132;1450.800000000;93;9523468008;S
20240205;101132;1450.600000000;8;9523468009;S
20240205;101132;1450.600000000;119;9523468010;S
20240205;101132;1450.600000000;3;9523468011;S
20240205;101132;1450.600000000;3;9523468012;S
20240205;101132;1450.400000000;10;9523468013;S
20240205;101132;1450.400000000;207;9523468014;S
20240205;101132;1450.800000000;28;9523468065;B
20240205;101132;1451.000000000;1;9523468066;B
20240205;101133;1451.000000000;72;9523468181;B
20240205;101135;1450.800000000;1;9523468598;B
20240205;101135;1451.000000000;6;9523468599;B
20240205;101138;1450.600000000;1;9523468989;S
20240205;101138;1450.800000000;5;9523469096;B
20240205;101138;1451.000000000;4;9523469097;B
20240205;101140;1451.000000000;5;9523469301;B
20240205;101140;1451.000000000;1;9523469366;B
20240205;101143;1451.000000000;1;9523469775;B
20240205;101144;1451.000000000;1;9523469979;B
20240205;101144;1451.000000000;1;9523470002;B
20240205;101146;1451.000000000;26;9523470321;B
20240205;101146;1451.000000000;10;9523470322;B
20240205;101146;1451.000000000;4;9523470323;B
20240205;101146;1451.200000000;31;9523470324;B
20240205;101147;1451.200000000;10;9523470444;B
20240205;101148;1451.000000000;1;9523470491;S
20240205;101149;1451.000000000;100;9523470708;S
20240205;101152;1450.800000000;9;9523471068;S
20240205;101152;1450.600000000;6;9523471069;S
20240205;101152;1450.600000000;25;9523471070;S
20240205;101152;1450.600000000;60;9523471071;S
20240205;101152;1450.600000000;8;9523471072;B
20240205;101154;1451.000000000;1;9523471272;S
20240205;101154;1450.600000000;1;9523471273;S
20240205;101154;1450.400000000;22;9523471274;S
20240205;101156;1451.200000000;1;9523471654;B
20240205;101157;1451.200000000;1;9523471731;B
20240205;101157;1451.200000000;10;9523471810;B
20240205;101157;1451.000000000;5;9523471828;S
20240205;101158;1451.000000000;2;9523471949;B
20240205;101200;1451.000000000;2;9523472271;B
20240205;101205;1451.000000000;13;9523473365;B
20240205;101212;1451.000000000;1;9523474657;B
20240205;101213;1451.000000000;1;9523474687;B
20240205;101213;1450.600000000;1;9523474702;S
20240205;101214;1451.000000000;1;9523474848;B
20240205;101219;1450.600000000;1;9523475686;S
20240205;101220;1451.000000000;30;9523475853;B
20240205;101222;1450.600000000;5;9523476465;S
20240205;101222;1450.600000000;9;9523476466;S
20240205;101222;1450.600000000;30;9523476467;S
20240205;101222;1450.400000000;26;9523476468;S
20240205;101235;1450.600000000;1;9523478835;S
20240205;101235;1451.000000000;2;9523478909;B
20240205;101238;1451.000000000;1;9523479370;B
20240205;101238;1451.000000000;2;9523479427;B
20240205;101239;1450.600000000;15;9523479489;S
20240205;101239;1450.600000000;9;9523479490;S
20240205;101242;1450.600000000;2;9523479952;B
20240205;101242;1450.600000000;2;9523479970;B
20240205;101243;1450.600000000;1;9523480115;B
20240205;101244;1450.600000000;34;9523480198;B
20240205;101245;1450.600000000;100;9523480481;B
20240205;101245;1450.600000000;5;9523480483;B
20240205;101246;1450.600000000;2;9523480590;B
20240205;101247;1450.400000000;1;9523480676;S
20240205;101249;1450.600000000;100;9523480993;B
20240205;101249;1450.600000000;30;9523480994;B
20240205;101249;1451.000000000;27;9523480996;B
20240205;101249;1451.000000000;43;9523480997;B
20240205;101249;1450.800000000;5;9523481063;S
20240205;101249;1451.000000000;50;9523481183;B
20240205;101253;1451.000000000;1;9523481747;B
20240205;101254;1450.800000000;9;9523481851;S
20240205;101254;1450.600000000;1;9523481852;S
20240205;101300;1451.000000000;3;9523482925;B
20240205;101301;1450.800000000;9;9523483018;S
20240205;101301;1450.600000000;6;9523483019;S
20240205;101301;1450.600000000;69;9523483020;S
20240205;101306;1450.600000000;4;9523484079;S
20240205;101306;1450.600000000;5;9523484080;S
20240205;101306;1450.400000000;5;9523484081;S
20240205;101306;1450.600000000;2;9523484090;S
20240205;101307;1450.600000000;2;9523484150;B
20240205;101307;1450.600000000;1;9523484151;B
20240205;101308;1450.800000000;5;9523484570;B
20240205;101308;1451.000000000;45;9523484571;B
20240205;101308;1451.200000000;1;9523484583;B
20240205;101310;1451.000000000;4;9523485006;S
20240205;101314;1451.200000000;1;9523485734;B
20240205;101316;1451.200000000;1;9523486168;B
20240205;101317;1451.000000000;2;9523486271;S
20240205;101318;1451.200000000;1;9523486457;B
20240205;101319;1451.000000000;7;9523486653;S
20240205;101321;1451.000000000;50;9523487127;S
20240205;101322;1451.200000000;8;9523487173;B
20240205;101323;1451.200000000;250;9523487456;B
20240205;101324;1451.200000000;1;9523487733;B
20240205;101325;1451.000000000;1;9523487821;S
20240205;101325;1451.200000000;8;9523487824;B
20240205;101325;1451.200000000;30;9523487825;B
20240205;101325;1451.200000000;1;9523487826;B
20240205;101325;1451.400000000;3;9523487827;B
20240205;101328;1451.400000000;1;9523488279;B
20240205;101328;1451.600000000;48;9523488280;B
20240205;101328;1451.800000000;15;9523488281;B
20240205;101328;1451.800000000;10;9523488282;B
20240205;101328;1452.000000000;6;9523488283;B
20240205;101328;1452.000000000;3;9523488284;B
20240205;101328;1452.000000000;2;9523488285;B
20240205;101328;1452.000000000;10;9523488286;B
20240205;101328;1452.000000000;1;9523488287;B
20240205;101328;1452.000000000;25;9523488288;B
20240205;101328;1452.000000000;9;9523488289;B
20240205;101328;1452.000000000;21;9523488290;B
20240205;101328;1452.400000000;100;9523488291;B
20240205;101328;1452.000000000;13;9523488364;S
20240205;101329;1452.400000000;94;9523488636;B
20240205;101329;1452.400000000;6;9523488637;B
20240205;101329;1452.400000000;19;9523488638;B
20240205;101330;1452.600000000;3;9523488744;B
20240205;101330;1452.600000000;78;9523488745;B
20240205;101332;1452.600000000;222;9523489165;B
20240205;101332;1452.600000000;28;9523489166;B
20240205;101333;1452.400000000;3;9523489349;S
20240205;101333;1452.800000000;1;9523489444;B
20240205;101334;1452.200000000;5;9523489488;S
20240205;101337;1452.200000000;1;9523490200;S
20240205;101339;1452.800000000;1;9523490417;B
20240205;101342;1452.800000000;3;9523491451;B
20240205;101343;1452.800000000;15;9523491508;B
20240205;101344;1452.800000000;1;9523491858;B
20240205;101347;1452.600000000;1;9523492420;B
20240205;101347;1452.800000000;1;9523492484;B
20240205;101348;1452.800000000;40;9523492516;B
20240205;101352;1452.400000000;10;9523493018;S
20240205;101353;1452.800000000;6;9523493242;B
20240205;101353;1452.800000000;2;9523493383;B
20240205;101353;1452.800000000;1;9523493384;B
20240205;101353;1452.800000000;7;9523493385;B
20240205;101354;1452.800000000;4;9523493448;B
20240205;101355;1452.800000000;1;9523493698;B
20240205;101355;1452.600000000;1;9523493700;S
20240205;101356;1452.800000000;2;9523493923;B
20240205;101401;1452.600000000;1;9523494630;B
20240205;101401;1452.600000000;2;9523494653;S
20240205;101402;1452.800000000;1;9523494829;B
20240205;101403;1452.600000000;7;9523494984;S
20240205;101403;1452.600000000;10;9523494985;S
20240205;101403;1452.600000000;3;9523494986;S
20240205;101405;1452.600000000;5;9523495207;B
20240205;101406;1452.600000000;7;9523495519;B
20240205;101407;1452.600000000;100;9523495580;B
20240205;101408;1452.400000000;10;9523495845;S
20240205;101409;1452.600000000;5;9523495976;B
20240205;101409;1452.400000000;6;9523495981;S
20240205;101410;1452.600000000;15;9523496030;B
20240205;101411;1452.600000000;1;9523496199;B
20240205;101411;1452.600000000;47;9523496355;B
20240205;101411;1452.600000000;49;9523496356;B
20240205;101411;1452.600000000;55;9523496357;B
20240205;101411;1452.600000000;1;9523496358;B
20240205;101411;1452.600000000;10;9523496359;B
20240205;101411;1452.800000000;25;9523496360;B
20240205;101411;1452.800000000;55;9523496361;B
20240205;101411;1452.800000000;25;9523496362;B
20240205;101411;1452.800000000;1;9523496363;B
20240205;101411;1453.000000000;88;9523496364;B
20240205;101412;1452.400000000;1;9523496535;S
20240205;101413;1452.400000000;6;9523496619;S
20240205;101413;1452.400000000;8;9523496620;S
20240205;101413;1452.800000000;5;9523496705;B
20240205;101417;1452.800000000;5;9523497527;B
20240205;101418;1452.800000000;1;9523497616;B
20240205;101418;1452.600000000;1;9523497635;S
20240205;101421;1452.800000000;1;9523497940;B
20240205;101421;1452.800000000;5;9523497982;B
20240205;101422;1452.800000000;38;9523498078;B
20240205;101422;1452.800000000;12;9523498079;B
20240205;101424;1452.800000000;2;9523498964;B
20240205;101425;1452.800000000;53;9523499001;B
20240205;101425;1453.000000000;77;9523499002;B
20240205;101425;1452.600000000;1;9523499081;S
20240205;101427;1452.800000000;3;9523499428;B
20240205;101430;1452.800000000;1;9523499932;S
20240205;101430;1453.000000000;2;9523499936;B
20240205;101431;1453.000000000;1;9523500107;B
20240205;101431;1452.800000000;1;9523500117;S
20240205;101431;1453.000000000;2;9523500156;B
20240205;101433;1453.000000000;3;9523500498;B
20240205;101434;1453.000000000;7;9523500581;B
20240205;101434;1453.000000000;1;9523500591;B
20240205;101434;1453.000000000;1;9523500633;B
20240205;101435;1453.000000000;1;9523500757;B
20240205;101436;1453.000000000;25;9523500921;B
20240205;101437;1453.000000000;2;9523501042;B
20240205;101437;1453.000000000;3;9523501062;B
20240205;101438;1452.800000000;5;9523501128;S
20240205;101438;1452.800000000;2;9523501183;S
20240205;101440;1452.800000000;38;9523501402;S
20240205;101440;1452.800000000;3;9523501403;S
20240205;101440;1452.800000000;17;9523501404;S
20240205;101440;1452.800000000;2;9523501405;S
20240205;101440;1452.800000000;1;9523501437;B
20240205;101441;1452.800000000;1;9523501484;B
20240205;101441;1452.800000000;2;9523501562;B
20240205;101443;1452.600000000;13;9523501805;S
20240205;101443;1452.600000000;1;9523501806;S
20240205;101443;1452.800000000;1;9523501818;B
20240205;101444;1452.800000000;1;9523501861;B
20240205;101445;1452.600000000;2;9523502093;B
20240205;101446;1452.600000000;1;9523502281;B
20240205;101447;1452.600000000;9;9523502467;B
20240205;101451;1452.400000000;1;9523502954;S
20240205;101451;1452.600000000;34;9523503024;B
20240205;101455;1452.600000000;1;9523503818;B
20240205;101456;1452.600000000;1;9523503978;B
20240205;101456;1452.600000000;1;9523504037;B
20240205;101457;1452.400000000;40;9523504327;S
20240205;101459;1452.400000000;50;9523504502;S
20240205;101501;1452.600000000;8;9523504928;B
20240205;101501;1452.600000000;12;9523504939;B
20240205;101502;1452.400000000;3;9523505301;S
20240205;101504;1452.600000000;1;9523505536;B
20240205;101504;1452.600000000;6;9523505546;B
20240205;101506;1452.800000000;1;9523505963;B
20240205;101507;1452.600000000;1;9523506131;S
20240205;101507;1452.600000000;1;9523506157;S
20240205;101509;1452.800000000;1;9523506478;B
20240205;101510;1452.800000000;10;9523506738;B
20240205;101510;1452.600000000;1;9523506763;S
20240205;101511;1452.400000000;200;9523506871;S
20240205;101512;1452.400000000;1;9523507049;S
20240205;101512;1452.600000000;1;9523507128;B
20240205;101513;1452.600000000;1;9523507220;B
20240205;101513;1452.400000000;1;9523507588;S
20240205;101514;1452.400000000;10;9523507711;S
20240205;101514;1452.400000000;1;9523507734;S
20240205;101515;1452.600000000;1;9523508126;B
20240205;101516;1452.400000000;1;9523508471;S
20240205;101517;1452.400000000;1;9523508681;S
20240205;101518;1452.600000000;1;9523508997;B
20240205;101519;1452.400000000;1;9523509208;S
20240205;101519;1452.600000000;4;9523509229;B
20240205;101519;1452.400000000;1;9523509239;S
20240205;101519;1452.400000000;1;9523509249;S
20240205;101519;1452.400000000;1;9523509308;S
20240205;101519;1452.400000000;1;9523509328;S
20240205;101520;1452.400000000;1;9523509486;S
20240205;101520;1452.400000000;1;9523509498;S
20240205;101521;1452.400000000;1;9523509564;S
20240205;101521;1452.400000000;1;9523509585;S
20240205;101521;1452.400000000;1;9523509665;S
20240205;101521;1452.400000000;40;9523509707;S
20240205;101522;1452.400000000;1;9523509823;S
20240205;101522;1452.400000000;1;9523509875;S
20240205;101523;1452.400000000;1;9523509949;S
20240205;101523;1452.400000000;1;9523509972;S
20240205;101523;1452.400000000;1;9523510041;S
20240205;101524;1452.400000000;1;9523510157;S
20240205;101524;1452.400000000;1;9523510319;S
20240205;101524;1452.400000000;1;9523510325;S
20240205;101526;1452.400000000;1;9523510579;S
20240205;101526;1452.400000000;20;9523510673;S
20240205;101527;1452.400000000;1;9523510784;S
20240205;101527;1452.400000000;1;9523510845;S
20240205;101527;1452.400000000;1;9523510852;S
20240205;101527;1452.400000000;1;9523510877;S
20240205;101527;1452.400000000;1;9523510879;S
20240205;101527;1452.400000000;1;9523510937;S
20240205;101527;1452.400000000;1;9523510940;S
20240205;101527;1452.600000000;5;9523510957;B
20240205;101528;1452.400000000;1;9523511008;S
20240205;101528;1452.400000000;1;9523511027;S
20240205;101528;1452.400000000;1;9523511132;S
20240205;101529;1452.400000000;1;9523511211;S
20240205;101529;1452.400000000;1;9523511246;S
20240205;101529;1452.400000000;1;9523511253;S
20240205;101529;1452.400000000;1;9523511262;S
20240205;101529;1452.600000000;2;9523511363;B
20240205;101529;1452.400000000;1;9523511365;S
20240205;101529;1452.400000000;1;9523511384;S
20240205;101529;1452.400000000;1;9523511395;S
20240205;101530;1452.400000000;1;9523511470;S
20240205;101530;1452.600000000;1;9523511490;B
20240205;101530;1452.600000000;1;9523511498;B
20240205;101530;1452.400000000;1;9523511531;S
20240205;101531;1452.600000000;2;9523511787;B
20240205;101531;1452.600000000;2;9523511831;B
20240205;101532;1452.600000000;2;9523511882;B
20240205;101532;1452.400000000;1;9523512000;S
20240205;101532;1452.400000000;1;9523512007;S
20240205;101532;1452.400000000;1;9523512035;S
20240205;101533;1452.400000000;1;9523512055;S
20240205;101533;1452.400000000;45;9523512088;S
20240205;101533;1452.400000000;18;9523512133;S
20240205;101533;1452.400000000;2;9523512134;S
20240205;101533;1452.400000000;1;9523512135;S
20240205;101534;1452.600000000;40;9523512465;B
20240205;101534;1452.600000000;53;9523512466;B
20240205;101534;1452.600000000;10;9523512467;B
20240205;101534;1452.600000000;5;9523512468;B
20240205;101534;1452.600000000;1;9523512469;B
20240205;101534;1452.600000000;114;9523512470;B
20240205;101534;1452.800000000;22;9523512471;B
20240205;101534;1452.800000000;5;9523512472;B
20240205;101534;1452.800000000;25;9523512473;B
20240205;101534;1452.800000000;100;9523512474;B
20240205;101534;1453.000000000;87;9523512475;B
20240205;101534;1453.000000000;1;9523512476;B
20240205;101534;1453.000000000;8;9523512477;B
20240205;101534;1453.000000000;9;9523512478;B
20240205;101534;1453.000000000;5;9523512479;B
20240205;101534;1453.000000000;1;9523512480;B
20240205;101534;1453.000000000;1;9523512481;B
20240205;101534;1453.000000000;1;9523512482;B
20240205;101534;1453.000000000;65;9523512483;B
20240205;101534;1453.000000000;30;9523512484;B
20240205;101534;1453.000000000;14;9523512485;B
20240205;101535;1453.000000000;2;9523512534;B
20240205;101537;1452.600000000;1;9523513066;S
20240205;101537;1452.600000000;1;9523513149;S
20240205;101537;1452.600000000;1;9523513167;S
20240205;101537;1452.600000000;1;9523513173;S
20240205;101537;1452.600000000;1;9523513176;S
20240205;101537;1452.600000000;1;9523513180;S
20240205;101538;1452.800000000;2;9523513282;B
20240205;101538;1452.800000000;18;9523513340;B
20240205;101538;1452.800000000;5;9523513341;B
20240205;101539;1453.000000000;2;9523513531;B
20240205;101540;1452.600000000;1;9523513622;S
20240205;101545;1453.000000000;1;9523514514;B
20240205;101546;1452.600000000;5;9523514756;S
20240205;101547;1453.000000000;20;9523515003;B
20240205;101547;1453.000000000;16;9523515039;B
20240205;101547;1453.000000000;8;9523515040;B
20240205;101547;1453.000000000;10;9523515041;B
20240205;101547;1453.000000000;10;9523515042;B
20240205;101547;1453.200000000;1;9523515043;B
20240205;101547;1453.200000000;3;9523515044;B
20240205;101547;1453.200000000;10;9523515045;B
20240205;101547;1453.200000000;138;9523515046;B
20240205;101547;1453.200000000;54;9523515047;B
20240205;101548;1453.200000000;3;9523515167;B
20240205;101552;1453.000000000;7;9523516043;S
20240205;101553;1453.000000000;97;9523516071;S
20240205;101553;1452.800000000;3;9523516072;S
20240205;101555;1453.400000000;2;9523516442;B
20240205;101555;1453.400000000;8;9523516443;B
20240205;101556;1453.400000000;1;9523516700;B
20240205;101557;1452.800000000;55;9523516868;S
20240205;101557;1452.600000000;2;9523516869;S
20240205;101557;1452.600000000;2;9523516870;S
20240205;101557;1452.600000000;5;9523516871;S
20240205;101557;1452.600000000;21;9523516872;S
20240205;101600;1453.000000000;10;9523517425;B
20240205;101600;1453.200000000;55;9523517426;B
20240205;101600;1453.200000000;52;9523517427;B
20240205;101600;1453.400000000;11;9523517428;B
20240205;101600;1453.400000000;8;9523517429;B
20240205;101603;1453.000000000;3;9523517987;S
20240205;101603;1453.000000000;1;9523517996;B
20240205;101603;1453.000000000;10;9523518029;B
20240205;101603;1453.200000000;55;9523518030;B
20240205;101603;1453.400000000;32;9523518031;B
20240205;101603;1453.400000000;1;9523518032;B
20240205;101603;1453.400000000;55;9523518033;B
20240205;101603;1453.400000000;21;9523518034;B
20240205;101603;1453.400000000;25;9523518035;B
20240205;101603;1453.400000000;51;9523518036;B
20240205;101604;1452.800000000;1;9523518082;S
20240205;101605;1452.800000000;1;9523518494;S
20240205;101610;1452.600000000;1;9523519638;S
20240205;101611;1452.600000000;1;9523519803;S
20240205;101613;1453.000000000;1;9523520073;B
20240205;101613;1453.200000000;1;9523520074;B
20240205;101613;1453.400000000;2;9523520123;B
20240205;101613;1453.600000000;1;9523520124;B
20240205;101616;1453.600000000;1;9523520729;B
20240205;101616;1453.600000000;1;9523520730;B
20240205;101618;1453.600000000;60;9523521310;B
20240205;101622;1453.000000000;1;9523522413;S
20240205;101622;1453.000000000;9;9523522414;S
20240205;101626;1453.600000000;5;9523523049;B
20240205;101627;1453.600000000;1;9523523156;B
20240205;101628;1453.600000000;1;9523523471;B
20240205;101631;1453.600000000;24;9523524075;B
20240205;101632;1453.600000000;1;9523524116;B
20240205;101632;1453.600000000;3;9523524117;B
20240205;101632;1453.600000000;189;9523524118;B
20240205;101632;1453.800000000;1;9523524119;B
20240205;101632;1453.800000000;3;9523524120;B
20240205;101632;1453.800000000;100;9523524121;B
20240205;101632;1453.800000000;52;9523524122;B
20240205;101632;1453.800000000;25;9523524123;B
20240205;101632;1453.800000000;55;9523524124;B
20240205;101632;1454.000000000;1;9523524125;B
20240205;101632;1454.000000000;70;9523524126;B
20240205;101633;1453.800000000;5;9523524306;B
20240205;101634;1453.600000000;7;9523524579;B
20240205;101634;1453.600000000;52;9523524580;B
20240205;101634;1453.600000000;10;9523524581;B
20240205;101634;1454.000000000;8;9523524598;B
20240205;101635;1453.800000000;104;9523524698;S
20240205;101635;1453.800000000;104;9523524699;S
20240205;101635;1453.800000000;104;9523524701;S
20240205;101635;1453.800000000;104;9523524702;S
20240205;101636;1453.600000000;10;9523524859;S
20240205;101637;1453.800000000;104;9523525065;S
20240205;101637;1453.600000000;125;9523525163;S
20240205;101637;1453.600000000;1;9523525233;S
20240205;101637;1453.600000000;4;9523525234;S
20240205;101638;1453.600000000;1;9523525325;S
20240205;101640;1453.600000000;17;9523525835;S
20240205;101640;1453.600000000;1;9523525861;S
20240205;101640;1453.800000000;23;9523525893;B
20240205;101640;1453.800000000;27;9523525894;B
20240205;101641;1453.800000000;1;9523526019;B
20240205;101641;1453.800000000;35;9523526156;B
20240205;101642;1453.800000000;34;9523526265;B
20240205;101642;1454.000000000;122;9523526266;B
20240205;101642;1454.000000000;110;9523526267;B
20240205;101642;1454.000000000;10;9523526268;B
20240205;101642;1454.000000000;5;9523526269;B
20240205;101642;1454.000000000;1;9523526270;B
20240205;101642;1454.000000000;100;9523526271;B
20240205;101642;1454.000000000;100;9523526272;B
20240205;101642;1454.000000000;1;9523526273;B
20240205;101642;1454.000000000;10;9523526274;B
20240205;101642;1454.000000000;7;9523526275;B
20240205;101645;1454.000000000;1;9523526729;B
20240205;101645;1454.000000000;2;9523526730;B
20240205;101650;1453.600000000;20;9523527543;S
20240205;101651;1454.000000000;1;9523527669;B
20240205;101653;1453.600000000;5;9523528107;S
20240205;101655;1453.800000000;5;9523528420;B
20240205;101657;1453.800000000;1;9523528727;B
20240205;101658;1453.600000000;2;9523528958;S
20240205;101658;1453.600000000;1;9523529054;S
20240205;101659;1453.800000000;20;9523529063;B
20240205;101700;1453.600000000;17;9523529380;S
20240205;101701;1453.800000000;1;9523529564;B
20240205;101702;1453.600000000;2;9523529739;S
20240205;101702;1453.800000000;10;9523529754;B
20240205;101702;1453.600000000;1;9523529803;S
20240205;101703;1453.600000000;1;9523529842;S
20240205;101703;1453.600000000;1;9523529865;S
20240205;101703;1453.800000000;2;9523529888;B
20240205;101705;1453.600000000;2;9523530407;S
20240205;101705;1453.800000000;2;9523530428;B
20240205;101706;1453.800000000;7;9523530510;B
20240205;101707;1453.600000000;1;9523530709;S
20240205;101708;1453.600000000;31;9523530750;S
20240205;101708;1453.800000000;7;9523530869;B
20240205;101708;1453.800000000;1;9523530960;B
20240205;101709;1453.800000000;1;9523531054;B
20240205;101709;1453.600000000;1;9523531138;S
20240205;101710;1453.800000000;10;9523531347;B
20240205;101711;1453.600000000;187;9523531460;S
20240205;101711;1453.600000000;1;9523531461;S
20240205;101711;1453.600000000;15;9523531462;S
20240205;101711;1453.600000000;1;9523531463;S
20240205;101711;1453.600000000;10;9523531464;S
20240205;101711;1453.600000000;1;9523531523;B
20240205;101712;1453.600000000;11;9523531646;B
20240205;101712;1453.600000000;56;9523531647;B
20240205;101712;1453.800000000;1;9523531648;B
20240205;101712;1453.800000000;32;9523531649;B
20240205;101713;1453.200000000;1;9523531875;S
20240205;101715;1453.000000000;15;9523532141;S
20240205;101718;1453.000000000;1;9523532636;S
20240205;101718;1453.600000000;1;9523532651;B
20240205;101721;1453.400000000;1;9523533291;B
20240205;101724;1453.200000000;3;9523533860;B
20240205;101724;1453.000000000;1;9523533981;S
20240205;101725;1453.000000000;1;9523534022;S
20240205;101725;1453.200000000;7;9523534074;B
20240205;101733;1453.600000000;1;9523535772;B
20240205;101735;1453.600000000;1;9523536119;B
20240205;101737;1453.200000000;2;9523536555;S
20240205;101737;1453.600000000;7;9523536653;B
20240205;101738;1453.600000000;10;9523536769;B
20240205;101740;1453.600000000;1;9523537022;B
20240205;101743;1453.200000000;78;9523537608;S
20240205;101743;1453.400000000;2;9523537616;B
20240205;101746;1453.200000000;5;9523538400;S
20240205;101750;1453.400000000;12;9523539074;B
20240205;101750;1453.400000000;8;9523539075;B
20240205;101751;1453.600000000;10;9523539330;B
20240205;101754;1453.600000000;1;9523539819;B
20240205;101755;1453.600000000;4;9523540208;B
20240205;101757;1453.600000000;4;9523540549;B
20240205;101758;1453.600000000;85;9523540722;B
20240205;101758;1453.600000000;100;9523540723;B
20240205;101758;1453.600000000;15;9523540724;B
20240205;101758;1453.400000000;1;9523540812;B
20240205;101759;1453.400000000;3;9523541007;B
20240205;101759;1453.000000000;30;9523541010;S
20240205;101802;1453.400000000;1;9523541613;B
20240205;101803;1453.400000000;100;9523542160;B
20240205;101804;1453.400000000;1;9523542293;B
20240205;101804;1453.400000000;2;9523542427;B
20240205;101811;1453.400000000;1;9523544200;B
20240205;101813;1453.400000000;55;9523544838;B
20240205;101813;1453.400000000;12;9523544839;B
20240205;101813;1453.400000000;105;9523544840;B
20240205;101813;1453.600000000;1;9523544952;B
20240205;101814;1453.400000000;1;9523545060;S
20240205;101815;1453.400000000;5;9523545282;S
20240205;101815;1453.400000000;10;9523545347;S
20240205;101816;1453.400000000;112;9523545433;S
20240205;101816;1453.400000000;1;9523545434;S
20240205;101816;1453.400000000;36;9523545435;S
20240205;101817;1453.600000000;18;9523545691;B
20240205;101823;1453.200000000;4;9523547510;S
20240205;101823;1453.200000000;111;9523547511;S
20240205;101823;1453.000000000;52;9523547512;S
20240205;101823;1453.000000000;5;9523547513;S
20240205;101823;1453.000000000;1;9523547514;S
20240205;101823;1453.000000000;1;9523547515;S
20240205;101823;1453.000000000;7;9523547516;S
20240205;101823;1453.000000000;1;9523547517;S
20240205;101823;1453.000000000;33;9523547518;S
20240205;101823;1453.000000000;85;9523547519;S
20240205;101825;1453.400000000;1;9523547970;B
20240205;101826;1453.400000000;1;9523548203;B
20240205;101826;1453.400000000;20;9523548205;B
20240205;101826;1453.200000000;50;9523548236;S
20240205;101828;1453.400000000;5;9523548691;B
20240205;101828;1453.400000000;1;9523548706;B
20240205;101829;1453.200000000;1;9523548838;S
20240205;101829;1453.200000000;1;9523548848;S
20240205;101829;1453.200000000;7;9523548961;S
20240205;101832;1453.400000000;20;9523550130;B
20240205;101834;1453.400000000;40;9523550374;B
20240205;101834;1453.400000000;104;9523550375;B
20240205;101834;1453.400000000;12;9523550376;B
20240205;101834;1453.600000000;132;9523550377;B
20240205;101834;1453.600000000;55;9523550378;B
20240205;101834;1453.600000000;10;9523550379;B
20240205;101834;1453.600000000;60;9523550380;B
20240205;101834;1453.600000000;25;9523550381;B
20240205;101834;1453.800000000;55;9523550382;B
20240205;101834;1453.800000000;7;9523550383;B
20240205;101834;1453.200000000;11;9523550465;S
20240205;101834;1453.200000000;26;9523550466;S
20240205;101836;1453.800000000;3;9523551088;B
20240205;101838;1453.800000000;3;9523551594;B
20240205;101838;1453.800000000;2;9523551595;B
20240205;101840;1453.200000000;53;9523552207;S
20240205;101842;1453.600000000;10;9523552786;B
20240205;101843;1453.200000000;3;9523552969;S
20240205;101845;1453.200000000;5;9523553479;S
20240205;101846;1453.200000000;5;9523553655;S
20240205;101850;1453.400000000;2;9523554467;B
20240205;101851;1453.400000000;7;9523554693;B
20240205;101852;1453.400000000;10;9523554905;B
20240205;101852;1453.200000000;1;9523554911;S
20240205;101852;1453.400000000;2;9523555019;B
20240205;101854;1453.200000000;3;9523555400;S
20240205;101854;1453.400000000;3;9523555422;B
20240205;101855;1453.400000000;5;9523555582;B
20240205;101855;1453.200000000;9;9523555583;S
20240205;101856;1453.400000000;1;9523555890;B
20240205;101859;1453.400000000;2;9523556429;B
20240205;101859;1453.200000000;124;9523556558;S
20240205;101859;1453.200000000;2;9523556559;S
20240205;101859;1453.200000000;40;9523556560;S
20240205;101859;1453.200000000;4;9523556561;S
20240205;101900;1453.200000000;80;9523556683;S
20240205;101900;1453.400000000;3;9523556746;B
20240205;101901;1453.200000000;1;9523556935;S
20240205;101902;1453.400000000;1;9523557148;B
20240205;101903;1453.200000000;2;9523557405;S
20240205;101904;1453.200000000;1;9523557536;S
20240205;101906;1453.400000000;1;9523558001;B
20240205;101908;1453.400000000;2;9523558214;B
20240205;101910;1453.400000000;15;9523558615;B
20240205;101910;1453.200000000;1;9523558676;S
20240205;101911;1453.400000000;2;9523558917;B
20240205;101912;1453.400000000;1;9523558985;B
20240205;101912;1453.200000000;13;9523559057;S
20240205;101914;1453.200000000;1;9523559558;S
20240205;101917;1453.200000000;2;9523559991;S
20240205;101917;1453.400000000;1;9523560036;B
20240205;101918;1453.400000000;14;9523560366;B
20240205;101919;1453.400000000;15;9523560425;B
20240205;101921;1453.400000000;1;9523560818;B
20240205;101924;1453.400000000;1;9523561725;B
20240205;101924;1453.400000000;1;9523561726;B
20240205;101924;1453.400000000;1;9523561894;B
20240205;101926;1453.400000000;1;9523562202;B
20240205;101926;1453.400000000;4;9523562359;B
20240205;101927;1453.400000000;1;9523562451;B
20240205;101927;1453.400000000;3;9523562518;B
20240205;101927;1453.400000000;1;9523562543;B
20240205;101928;1453.200000000;1;9523562707;S
20240205;101928;1453.400000000;3;9523562718;B
20240205;101931;1453.200000000;78;9523563209;S
20240205;101931;1453.200000000;10;9523563210;S
20240205;101931;1453.200000000;15;9523563211;S
20240205;101931;1453.200000000;18;9523563212;S
20240205;101931;1453.200000000;79;9523563213;S
20240205;101932;1453.400000000;5;9523563508;B
20240205;101932;1453.200000000;2;9523563527;S
20240205;101934;1453.400000000;2;9523563914;B
20240205;101938;1453.400000000;1;9523564692;S
20240205;101940;1453.400000000;7;9523565054;S
20240205;101943;1453.600000000;1;9523565807;B
20240205;101944;1453.400000000;1;9523565977;S
20240205;101944;1453.600000000;2;9523565981;B
20240205;101946;1453.400000000;2;9523566421;S
20240205;101946;1453.400000000;1;9523566422;S
20240205;101947;1453.200000000;10;9523566531;S
20240205;101947;1453.200000000;104;9523566532;S
20240205;101947;1453.200000000;10;9523566533;S
20240205;101947;1453.400000000;1;9523566566;B
20240205;101948;1453.400000000;1;9523566818;B
20240205;101948;1453.200000000;20;9523566842;S
20240205;101949;1453.400000000;1;9523566999;B
20240205;101950;1453.200000000;1;9523567177;S
20240205;101950;1453.200000000;15;9523567219;S
20240205;101951;1453.400000000;30;9523567373;B
20240205;101951;1453.200000000;1;9523567414;S
20240205;101951;1453.200000000;1;9523567507;S
20240205;101951;1453.200000000;1;9523567556;S
20240205;101953;1453.200000000;1;9523567872;S
20240205;101953;1453.200000000;1;9523567874;S
20240205;101953;1453.200000000;1;9523567965;S
20240205;101954;1453.400000000;2;9523568128;B
20240205;101954;1453.200000000;1;9523568334;S
20240205;101954;1453.200000000;1;9523568370;S
20240205;101956;1453.200000000;1;9523568738;S
20240205;101959;1453.400000000;62;9523569409;B
20240205;102000;1453.400000000;1;9523569538;S
20240205;102000;1453.400000000;1;9523569711;S
20240205;102001;1453.400000000;1;9523570128;S
20240205;102001;1453.600000000;23;9523570178;B
20240205;102001;1453.600000000;10;9523570179;B
20240205;102001;1453.600000000;43;9523570180;B
20240205;102001;1453.600000000;15;9523570181;B
20240205;102001;1453.800000000;2;9523570182;B
20240205;102001;1453.800000000;66;9523570183;B
20240205;102001;1453.800000000;5;9523570184;B
20240205;102001;1453.800000000;60;9523570185;B
20240205;102001;1453.800000000;275;9523570186;B
20240205;102001;1453.800000000;25;9523570187;B
20240205;102001;1453.800000000;12;9523570188;B
20240205;102001;1454.000000000;2;9523570189;B
20240205;102001;1454.000000000;2;9523570190;B
20240205;102001;1454.000000000;25;9523570191;B
20240205;102001;1454.000000000;58;9523570192;B
20240205;102001;1454.000000000;60;9523570193;B
20240205;102001;1454.000000000;1;9523570194;B
20240205;102001;1454.000000000;25;9523570195;B
20240205;102001;1454.000000000;3;9523570196;B
20240205;102001;1454.000000000;20;9523570197;B
20240205;102001;1454.000000000;3;9523570198;B
20240205;102001;1454.000000000;2;9523570199;B
20240205;102001;1454.000000000;50;9523570200;B
20240205;102001;1454.000000000;100;9523570201;B
20240205;102001;1454.000000000;1;9523570202;B
20240205;102001;1454.200000000;50;9523570203;B
20240205;102001;1454.200000000;20;9523570204;B
20240205;102001;1454.200000000;100;9523570205;B
20240205;102001;1454.200000000;100;9523570206;B
20240205;102001;1454.200000000;65;9523570207;B
20240205;102001;1454.200000000;55;9523570208;B
20240205;102001;1454.400000000;10;9523570209;B
20240205;102001;1454.400000000;89;9523570210;B
20240205;102001;1454.400000000;4;9523570211;B
20240205;102002;1453.600000000;20;9523570278;S
20240205;102002;1454.400000000;3;9523570362;B
20240205;102002;1454.400000000;3;9523570448;B
20240205;102002;1454.400000000;2;9523570449;B
20240205;102002;1454.400000000;3;9523570450;B
20240205;102002;1454.400000000;2;9523570451;B
20240205;102002;1454.400000000;100;9523570452;B
20240205;102002;1454.400000000;3;9523570453;B
20240205;102002;1454.400000000;1;9523570454;B
20240205;102002;1454.400000000;25;9523570455;B
20240205;102002;1454.400000000;20;9523570456;B
20240205;102002;1454.600000000;1300;9523570457;B
20240205;102002;1454.600000000;3;9523570458;B
20240205;102002;1454.600000000;9;9523570459;B
20240205;102002;1454.600000000;55;9523570460;B
20240205;102002;1454.600000000;100;9523570461;B
20240205;102002;1454.600000000;60;9523570462;B
20240205;102002;1454.600000000;12;9523570463;B
20240205;102002;1454.800000000;10;9523570464;B
20240205;102002;1454.800000000;1;9523570465;B
20240205;102002;1454.800000000;12;9523570466;B
20240205;102002;1454.800000000;1;9523570467;B
20240205;102002;1454.800000000;278;9523570468;B
20240205;102003;1454.600000000;6;9523570480;B
20240205;102003;1453.800000000;1;9523570561;S
20240205;102004;1454.600000000;2;9523570665;B
20240205;102004;1454.400000000;1;9523570693;S
20240205;102004;1453.800000000;1;9523570708;S
20240205;102007;1454.600000000;100;9523571359;B
20240205;102007;1454.600000000;60;9523571360;B
20240205;102007;1454.600000000;12;9523571361;B
20240205;102007;1454.800000000;128;9523571362;B
20240205;102010;1454.200000000;2;9523573755;S
20240205;102011;1454.200000000;80;9523573938;S
20240205;102013;1454.600000000;1;9523575012;S
20240205;102014;1454.600000000;100;9523575285;B
20240205;102016;1454.600000000;13;9523575876;B
20240205;102017;1454.200000000;2;9523576651;S
20240205;102019;1454.600000000;1;9523577368;B
20240205;102020;1454.600000000;1;9523578099;B
20240205;102025;1454.400000000;50;9523579949;B
20240205;102026;1454.200000000;1;9523580042;S
20240205;102026;1454.200000000;1;9523580835;S
20240205;102027;1454.200000000;100;9523581103;S
20240205;102027;1454.200000000;60;9523581133;B
20240205;102027;1454.200000000;12;9523581134;B
20240205;102027;1454.400000000;28;9523581135;B
20240205;102028;1454.000000000;1;9523581819;S
20240205;102028;1454.000000000;5;9523581895;S
20240205;102030;1454.400000000;1;9523582576;B
20240205;102031;1454.400000000;2;9523583123;B
20240205;102037;1454.000000000;9;9523585762;S
20240205;102037;1454.000000000;1;9523585763;S
20240205;102038;1454.200000000;2;9523586014;B
20240205;102038;1454.200000000;2;9523586089;B
20240205;102040;1454.000000000;1;9523586618;S
20240205;102040;1454.000000000;4;9523586644;S
20240205;102043;1454.000000000;1;9523587480;B
20240205;102043;1454.000000000;6;9523587596;B
20240205;102045;1454.000000000;6;9523588688;B
20240205;102045;1454.000000000;12;9523588689;B
20240205;102045;1454.000000000;8;9523588690;B
20240205;102046;1454.000000000;27;9523589131;B
20240205;102046;1454.200000000;73;9523589132;B
20240205;102049;1454.200000000;2;9523589882;B
20240205;102049;1454.200000000;1;9523589928;B
20240205;102050;1454.000000000;1;9523590079;S
20240205;102050;1454.200000000;1;9523590504;S
20240205;102050;1454.400000000;10;9523590552;B
20240205;102051;1454.400000000;1;9523590585;B
20240205;102051;1454.400000000;5;9523590704;B
20240205;102051;1454.200000000;1;9523590715;S
20240205;102059;1454.000000000;1;9523594039;S
20240205;102102;1454.200000000;17;9523594485;B
20240205;102102;1454.200000000;3;9523594486;B
20240205;102104;1454.200000000;12;9523595656;B
20240205;102104;1454.400000000;3;9523595657;B
20240205;102104;1454.400000000;22;9523595658;B
20240205;102104;1454.400000000;25;9523595659;B
20240205;102104;1454.600000000;35;9523595660;B
20240205;102107;1454.000000000;1;9523597005;S
20240205;102110;1454.000000000;97;9523598096;S
20240205;102110;1454.000000000;68;9523598097;S
20240205;102111;1453.800000000;4;9523598501;S
20240205;102111;1453.800000000;2;9523598502;S
20240205;102113;1453.600000000;1;9523599396;S
20240205;102113;1453.400000000;50;9523599521;S
20240205;102117;1453.800000000;1;9523600436;B
20240205;102117;1453.400000000;50;9523600441;S
20240205;102117;1453.400000000;8;9523600442;S
20240205;102117;1453.400000000;30;9523600443;S
20240205;102117;1453.400000000;55;9523600444;S
20240205;102118;1453.200000000;7;9523601251;S
20240205;102127;1453.600000000;2;9523604221;B
20240205;102127;1453.200000000;3;9523604230;S
20240205;102127;1453.200000000;30;9523604231;S
20240205;102127;1453.200000000;12;9523604232;S
20240205;102127;1453.000000000;100;9523604240;S
20240205;102127;1453.000000000;15;9523604268;S
20240205;102127;1453.000000000;1;9523604269;S
20240205;102127;1453.000000000;1;9523604270;S
20240205;102127;1453.000000000;1;9523604271;S
20240205;102127;1453.000000000;3;9523604272;S
20240205;102127;1453.000000000;19;9523604273;S
20240205;102127;1453.000000000;4;9523604274;S
20240205;102127;1453.000000000;5;9523604275;S
20240205;102127;1453.000000000;100;9523604276;S
20240205;102127;1453.000000000;2;9523604277;S
20240205;102127;1453.000000000;5;9523604278;S
20240205;102127;1453.000000000;40;9523604279;S
20240205;102127;1453.000000000;50;9523604280;S
20240205;102127;1453.000000000;48;9523604281;S
20240205;102127;1453.000000000;1;9523604282;S
20240205;102127;1453.000000000;1;9523604365;B
20240205;102128;1452.800000000;2;9523604915;S
20240205;102128;1452.800000000;3;9523604916;S
20240205;102128;1452.800000000;12;9523604917;S
20240205;102128;1452.600000000;3;9523604918;S
20240205;102129;1453.000000000;4;9523605020;B
20240205;102129;1453.000000000;12;9523605021;B
20240205;102129;1453.000000000;34;9523605022;B
20240205;102131;1453.000000000;20;9523605556;B
20240205;102131;1453.200000000;15;9523605557;B
20240205;102131;1453.200000000;20;9523605558;B
20240205;102131;1453.200000000;10;9523605559;B
20240205;102131;1453.200000000;1;9523605560;B
20240205;102131;1453.400000000;59;9523605561;B
20240205;102131;1453.400000000;12;9523605562;B
20240205;102131;1453.600000000;20;9523605563;B
20240205;102131;1453.600000000;93;9523605564;B
20240205;102132;1452.800000000;3;9523605796;S
20240205;102132;1452.800000000;22;9523605809;S
20240205;102132;1452.800000000;25;9523605810;S
20240205;102132;1452.600000000;24;9523605811;S
20240205;102132;1452.600000000;29;9523605812;S
20240205;102133;1453.000000000;51;9523606364;B
20240205;102133;1453.000000000;12;9523606365;B
20240205;102133;1453.200000000;17;9523606366;B
20240205;102134;1452.800000000;10;9523606633;S
20240205;102134;1452.600000000;4;9523606634;S
20240205;102135;1453.200000000;1;9523606994;B
20240205;102137;1452.600000000;10;9523607827;S
20240205;102140;1453.000000000;1;9523608733;B
20240205;102141;1453.000000000;3;9523608836;B
20240205;102143;1452.800000000;1;9523610109;S
20240205;102144;1453.000000000;5;9523610258;B
20240205;102144;1452.800000000;19;9523610274;S
20240205;102144;1452.600000000;3;9523610275;S
20240205;102145;1453.000000000;95;9523610735;B
20240205;102145;1453.000000000;5;9523610736;B
20240205;102147;1453.000000000;1;9523611167;B
20240205;102147;1453.000000000;5;9523611168;B
20240205;102147;1452.600000000;4;9523611216;S
20240205;102148;1453.000000000;3;9523611410;B
20240205;102151;1452.800000000;20;9523613025;B
20240205;102152;1452.800000000;30;9523613204;B
20240205;102152;1452.800000000;2;9523613360;B
20240205;102200;1452.800000000;148;9523616268;B
20240205;102200;1452.800000000;58;9523616269;B
20240205;102200;1453.000000000;100;9523616270;B
20240205;102200;1453.000000000;12;9523616271;B
20240205;102200;1453.200000000;10;9523616272;B
20240205;102200;1453.200000000;26;9523616273;B
20240205;102200;1453.200000000;25;9523616274;B
20240205;102200;1453.200000000;104;9523616275;B
20240205;102200;1453.400000000;17;9523616276;B
20240205;102200;1452.800000000;10;9523616393;S
20240205;102200;1453.200000000;22;9523616399;B
20240205;102200;1453.200000000;1;9523616406;B
20240205;102202;1453.400000000;8;9523617016;B
20240205;102202;1453.400000000;21;9523617017;B
20240205;102202;1453.000000000;11;9523617043;S
20240205;102206;1453.400000000;200;9523618458;B
20240205;102212;1453.400000000;2;9523620360;B
20240205;102212;1453.000000000;9;9523620420;S
20240205;102212;1453.000000000;1;9523620421;S
20240205;102213;1453.000000000;1;9523620938;S
20240205;102218;1453.400000000;162;9523622739;B
20240205;102219;1453.000000000;10;9523623080;S
20240205;102219;1453.000000000;18;9523623081;S
20240205;102219;1453.000000000;104;9523623082;S
20240205;102219;1453.000000000;50;9523623083;S
20240205;102219;1453.000000000;12;9523623084;S
20240205;102222;1453.000000000;50;9523623875;B
20240205;102222;1452.800000000;1;9523623916;S
20240205;102222;1452.800000000;1;9523623917;S
20240205;102222;1453.000000000;1;9523624167;B
20240205;102222;1453.000000000;2;9523624185;B
20240205;102222;1453.000000000;14;9523624199;B
20240205;102223;1453.000000000;1;9523624250;B
20240205;102225;1453.000000000;488;9523624585;B
20240205;102225;1453.200000000;60;9523624586;B
20240205;102225;1453.200000000;12;9523624587;B
20240205;102225;1453.400000000;91;9523624588;B
20240205;102225;1453.600000000;10;9523624589;B
20240205;102225;1453.600000000;55;9523624590;B
20240205;102225;1453.800000000;34;9523624591;B
20240205;102230;1453.400000000;2;9523626415;S
20240205;102230;1453.200000000;32;9523626416;S
20240205;102231;1453.200000000;142;9523626851;S
20240205;102231;1453.200000000;104;9523626852;S
20240205;102231;1453.000000000;25;9523626853;S
20240205;102231;1453.000000000;25;9523626854;S
20240205;102231;1453.000000000;1;9523626855;S
20240205;102231;1453.000000000;12;9523626856;S
20240205;102231;1452.800000000;137;9523626857;S
20240205;102231;1452.600000000;2;9523626858;S
20240205;102231;1452.600000000;7;9523626859;S
20240205;102231;1452.600000000;45;9523626860;S
20240205;102232;1453.400000000;3;9523627123;B
20240205;102233;1452.800000000;104;9523627269;S
20240205;102233;1452.800000000;1;9523627292;B
20240205;102234;1452.800000000;1;9523627389;B
20240205;102236;1452.600000000;1;9523628978;S
20240205;102237;1452.600000000;1;9523629070;S
20240205;102238;1452.800000000;1;9523629182;B
20240205;102238;1452.800000000;2;9523629223;B
20240205;102238;1452.600000000;14;9523629234;S
20240205;102238;1452.800000000;39;9523629235;B
20240205;102239;1452.800000000;38;9523629481;B
20240205;102240;1452.800000000;1;9523629639;B
20240205;102241;1452.600000000;1;9523629835;S
20240205;102241;1452.600000000;18;9523629889;S
20240205;102241;1452.600000000;20;9523629902;S
20240205;102241;1452.400000000;34;9523629903;S
20240205;102241;1452.400000000;1;9523629904;S
20240205;102241;1452.400000000;250;9523629905;S
20240205;102241;1452.400000000;69;9523629906;S
20240205;102241;1452.400000000;20;9523629907;S
20240205;102241;1452.400000000;55;9523629908;S
20240205;102241;1452.400000000;25;9523629909;S
20240205;102241;1452.200000000;10;9523629910;S
20240205;102241;1452.200000000;2;9523629911;S
20240205;102241;1452.200000000;5;9523629912;S
20240205;102241;1452.200000000;1;9523629913;S
20240205;102241;1452.200000000;1;9523629914;S
20240205;102241;1452.200000000;1;9523629915;S
20240205;102241;1452.200000000;2;9523629916;S
20240205;102241;1452.200000000;1;9523629917;S
20240205;102241;1452.200000000;3;9523629918;S
20240205;102242;1452.800000000;5;9523630002;B
20240205;102243;1452.200000000;52;9523630145;S
20240205;102243;1452.200000000;137;9523630146;S
20240205;102243;1452.200000000;25;9523630147;S
20240205;102243;1452.000000000;111;9523630148;S
20240205;102243;1452.000000000;24;9523630149;S
20240205;102243;1452.000000000;10;9523630150;S
20240205;102243;1452.000000000;2;9523630151;S
20240205;102243;1452.000000000;5;9523630152;S
20240205;102243;1452.000000000;134;9523630153;S
20240205;102243;1452.000000000;116;9523630161;S
20240205;102243;1452.000000000;1;9523630162;S
20240205;102243;1452.000000000;5;9523630163;S
20240205;102243;1452.000000000;1;9523630164;S
20240205;102243;1452.000000000;3;9523630165;S
20240205;102243;1452.000000000;1;9523630166;S
20240205;102243;1452.000000000;1;9523630167;S
20240205;102243;1452.000000000;22;9523630168;S
20240205;102244;1452.600000000;1;9523630408;B
20240205;102247;1451.800000000;5;9523632373;S
20240205;102248;1452.600000000;2;9523632467;B
20240205;102248;1451.800000000;2;9523632470;S
20240205;102250;1452.600000000;19;9523633277;B
20240205;102250;1452.600000000;60;9523633278;B
20240205;102250;1452.600000000;12;9523633279;B
20240205;102250;1453.000000000;9;9523633280;B
20240205;102258;1452.200000000;1;9523635312;B
20240205;102258;1452.400000000;2;9523635313;B
20240205;102304;1451.800000000;2;9523638232;S
20240205;102304;1451.800000000;8;9523638233;S
20240205;102312;1451.600000000;1;9523640786;S
20240205;102312;1451.600000000;16;9523640787;S
20240205;102312;1451.600000000;55;9523640788;S
20240205;102312;1451.600000000;25;9523640789;S
20240205;102312;1451.600000000;3;9523640790;S
20240205;102312;1451.800000000;1;9523640795;B
20240205;102312;1451.600000000;8;9523640854;S
20240205;102314;1451.800000000;1;9523641390;B
20240205;102315;1452.000000000;1;9523641453;B
20240205;102315;1452.200000000;1;9523641454;B
20240205;102315;1452.200000000;59;9523641455;B
20240205;102315;1452.200000000;12;9523641456;B
