<DATE>;<TIME>;<LAST>;<VOL>;<ID>;<OPER>
20240329;095958;1322.2;3;9985762389;S
20240329;095958;1322.2;2;9985762390;S
20240329;095958;1322.2;70;9985762391;S
20240329;095958;1322.2;1;9985762392;S
20240329;095958;1322.2;2;9985762393;S
20240329;095958;1322.2;18;9985762394;S
20240329;095958;1322.2;5;9985762395;S
20240329;095958;1322.2;13;9985762396;S
20240329;095958;1322.2;1;9985762397;S
20240329;095958;1322.2;1;9985762398;S
20240329;095958;1322.2;1;9985762399;S
20240329;095958;1322.2;1;9985762400;S
20240329;095958;1322.2;4;9985762401;S
20240329;095958;1322.2;230;9985762402;S
20240329;095958;1322.2;5;9985762403;S
20240329;095958;1322.2;100;9985762404;B
20240329;095958;1322.2;1;9985762405;S
20240329;095958;1322.2;5;9985762406;S
20240329;095958;1322.2;35;9985762407;S
20240329;095958;1322.2;1;9985762408;S
20240329;095958;1322.2;1;9985762409;S
20240329;095958;1322.2;1;9985762410;S
20240329;095958;1322.2;1;9985762411;S
20240329;095958;1322.2;1;9985762412;S
20240329;095958;1322.2;2;9985762413;B
20240329;095958;1322.2;5;9985762414;B
20240329;095958;1322.2;4;9985762415;B
20240329;095958;1322.2;1;9985762416;B
20240329;095958;1322.2;20;9985762417;B
20240329;095958;1322.2;1;9985762418;B
20240329;095958;1322.2;14;9985762419;B
20240329;095958;1322.2;5;9985762420;B
20240329;095958;1322.2;2;9985762421;B
20240329;095958;1322.2;3;9985762422;B
20240329;095958;1322.2;10;9985762423;S
20240329;095958;1322.2;2;9985762424;S
20240329;095958;1322.2;2;9985762425;B
20240329;095958;1322.2;6;9985762426;B
20240329;095958;1322.2;1;9985762427;B
20240329;095958;1322.2;18;9985762428;B
20240329;095958;1322.2;10;9985762429;B
20240329;095958;1322.2;1;9985762430;B
20240329;095958;1322.2;2;9985762431;B
20240329;095958;1322.2;8;9985762432;B
20240329;095958;1322.2;3;9985762433;B
20240329;095958;1322.2;33;9985762434;S
20240329;095958;1322.2;1;9985762435;S
20240329;095958;1322.2;1;9985762436;S
20240329;095958;1322.2;246;9985762437;S
20240329;095958;1322.2;1;9985762438;S
20240329;095958;1322.2;15;9985762439;B
20240329;095958;1322.2;10;9985762440;B
20240329;095958;1322.2;2;9985762441;B
20240329;095958;1322.2;10;9985762442;B
20240329;095958;1322.2;20;9985762443;B
20240329;095958;1322.2;5;9985762444;B
20240329;095958;1322.2;5;9985762445;B
20240329;095958;1322.2;15;9985762446;B
20240329;095958;1322.2;10;9985762447;B
20240329;095958;1322.2;2;9985762448;B
20240329;095958;1322.2;20;9985762449;B
20240329;095958;1322.2;10;9985762450;S
20240329;095958;1322.2;250;9985762451;S
20240329;095958;1322.2;20;9985762452;B
20240329;095958;1322.2;1;9985762453;B
20240329;095958;1322.2;274;9985762454;B
20240329;095958;1322.2;1;9985762455;B
20240329;095958;1322.2;1;9985762456;B
20240329;095958;1322.2;174;9985762457;B
20240329;095958;1322.2;1;9985762458;B
20240329;095958;1322.2;11;9985762459;B
20240329;095958;1322.2;1;9985762460;B
20240329;095958;1322.2;43;9985762461;B
20240329;095958;1322.2;1;9985762462;B
20240329;095958;1322.2;5;9985762463;S
20240329;095958;1322.2;2;9985762464;S
20240329;095958;1322.2;15;9985762465;S
20240329;095958;1322.2;2;9985762466;S
20240329;095958;1322.2;15;9985762467;S
20240329;095958;1322.2;1;9985762468;S
20240329;095958;1322.2;1;9985762469;S
20240329;095958;1322.2;1;9985762470;S
20240329;095958;1322.2;3;9985762471;S
20240329;095958;1322.2;1;9985762472;S
20240329;095958;1322.2;2;9985762473;B
20240329;095958;1322.2;1;9985762474;B
20240329;095958;1322.2;1;9985762475;B
20240329;095958;1322.2;1;9985762476;B
20240329;095958;1322.2;5;9985762477;B
20240329;095958;1322.2;10;9985762478;B
20240329;095958;1322.2;1;9985762479;B
20240329;095958;1322.2;20;9985762480;B
20240329;095958;1322.2;1;9985762481;B
20240329;095958;1322.2;1;9985762482;B
20240329;095958;1322.2;1;9985762483;B
20240329;095958;1322.2;2;9985762484;B
20240329;095958;1322.2;4;9985762485;B
20240329;095958;1322.2;1;9985762486;B
20240329;095958;1322.2;1;9985762487;B
20240329;095958;1322.2;1;9985762488;B
20240329;095958;1322.2;4;9985762489;B
20240329;095958;1322.2;1;9985762490;B
20240329;095958;1322.2;10;9985762491;B
20240329;095958;1322.2;10;9985762492;B
20240329;095958;1322.2;10;9985762493;S
20240329;095958;1322.2;3;9985762494;S
20240329;095958;1322.2;4;9985762495;S
20240329;095958;1322.2;1;9985762496;S
20240329;095958;1322.2;1;9985762497;S
20240329;095958;1322.2;2;9985762498;S
20240329;095958;1322.2;5;9985762499;B
20240329;095958;1322.2;50;9985762500;B
20240329;095958;1322.2;1;9985762501;S
20240329;095958;1322.2;1;9985762502;S
20240329;095958;1322.2;11;9985762503;S
20240329;100001;1322.2;19;9985763842;B
20240329;100001;1322.2;81;9985763843;B
20240329;100001;1322;10;9985763851;S
20240329;100001;1322;100;9985763852;S
20240329;100001;1322;100;9985763853;S
20240329;100002;1321.2;12;9985764289;S
20240329;100002;1321.2;9;9985764290;S
20240329;100002;1321.6;20;9985764515;B
20240329;100002;1321.6;4;9985764516;B
20240329;100002;1321.6;20;9985764519;B
20240329;100002;1321.8;1;9985764571;B
20240329;100002;1321.8;11;9985764619;B
20240329;100002;1321.8;89;9985764620;B
20240329;100002;1321.8;100;9985764628;B
20240329;100002;1321.2;1;9985764658;S
20240329;100002;1321.8;40;9985764731;B
20240329;100002;1321.6;1;9985764849;B
20240329;100002;1321.8;2;9985764850;B
20240329;100002;1322;86;9985764851;B
20240329;100002;1322;10;9985764924;S
20240329;100002;1321.6;12;9985764925;S
20240329;100002;1321.6;136;9985764926;S
20240329;100002;1321.2;1;9985764933;S
20240329;100002;1321.6;100;9985764942;B
20240329;100003;1321.2;13;9985764953;S
20240329;100003;1321.2;2;9985764954;S
20240329;100003;1321.2;37;9985765007;S
20240329;100003;1321.2;11;9985765010;S
20240329;100003;1321.6;42;9985765021;B
20240329;100003;1321.8;20;9985765022;B
20240329;100003;1321.8;1;9985765023;B
20240329;100003;1321.8;11;9985765064;B
20240329;100003;1322.2;9;9985765065;B
20240329;100003;1322.2;1;9985765104;B
20240329;100003;1322.2;5;9985765105;B
20240329;100003;1322.2;107;9985765106;B
20240329;100003;1322.4;5;9985765107;B
20240329;100003;1322.4;2;9985765108;B
20240329;100003;1322.4;286;9985765109;B
20240329;100003;1322.4;10;9985765110;B
20240329;100003;1322.4;320;9985765111;B
20240329;100003;1322.4;1;9985765112;B
20240329;100003;1322.4;19;9985765113;B
20240329;100003;1322.4;136;9985765114;B
20240329;100003;1322.6;1;9985765115;B
20240329;100003;1322.6;1;9985765116;B
20240329;100003;1322.6;40;9985765117;B
20240329;100003;1322.8;4;9985765118;B
20240329;100003;1322.8;50;9985765119;B
20240329;100003;1322.8;12;9985765120;B
20240329;100003;1321.8;1;9985765149;S
20240329;100003;1322;3;9985765158;B
20240329;100003;1321.8;11;9985765189;S
20240329;100003;1321.6;49;9985765190;S
20240329;100003;1321.8;3;9985765251;S
20240329;100003;1321.8;5;9985765252;S
20240329;100004;1322.6;1;9985765282;B
20240329;100004;1322.8;2;9985765283;B
20240329;100004;1322.8;1;9985765284;B
20240329;100004;1322.8;3;9985765285;B
20240329;100004;1322.8;5;9985765286;B
20240329;100004;1322.8;18;9985765287;B
20240329;100004;1321.8;4;9985765310;S
20240329;100004;1321.8;1;9985765383;B
20240329;100004;1322.6;12;9985765384;B
20240329;100004;1322.6;84;9985765385;B
20240329;100004;1322.8;2;9985765386;B
20240329;100004;1322.8;1;9985765387;B
20240329;100004;1321.8;1;9985765388;S
20240329;100004;1322.6;11;9985765392;B
20240329;100004;1322.6;2;9985765478;S
20240329;100004;1322.6;10;9985765506;S
20240329;100004;1322.6;5;9985765575;S
20240329;100004;1322.6;1;9985765590;S
20240329;100004;1322.6;43;9985765592;S
20240329;100004;1322.6;7;9985765593;S
20240329;100004;1322.6;1;9985765594;S
20240329;100005;1322.8;2;9985765789;S
20240329;100005;1323;1;9985766126;B
20240329;100005;1322.8;3;9985766218;S
20240329;100005;1322.6;12;9985766219;S
20240329;100005;1322.6;1;9985766224;S
20240329;100005;1322.8;1;9985766267;B
20240329;100005;1322.8;1;9985766268;B
20240329;100005;1322.6;1;9985766269;S
20240329;100005;1322.6;40;9985766284;S
20240329;100005;1322.8;150;9985766483;B
20240329;100005;1322.8;1;9985766602;B
20240329;100005;1322.6;7;9985766770;S
20240329;100006;1323;1;9985766980;B
20240329;100006;1323;1;9985766981;B
20240329;100006;1323;1;9985767188;B
20240329;100006;1323;4;9985767240;B
20240329;100006;1323;15;9985767241;B
20240329;100006;1323;5;9985767242;B
20240329;100006;1323;14;9985767243;B
20240329;100006;1323;10;9985767283;B
20240329;100006;1322.6;10;9985767292;S
20240329;100006;1323;40;9985767307;B
20240329;100006;1323;5;9985767436;B
20240329;100006;1323;1;9985767599;B
20240329;100006;1323;1;9985767601;B
20240329;100006;1322.6;19;9985767602;S
20240329;100006;1323;1;9985767626;B
20240329;100006;1323;1;9985767635;B
20240329;100006;1323;224;9985767720;B
20240329;100006;1323;1;9985767837;B
20240329;100006;1322.6;7;9985767843;S
20240329;100006;1322.6;1;9985768070;S
20240329;100006;1322.6;2;9985768073;S
20240329;100007;1323;1;9985768214;B
20240329;100007;1323;1;9985768218;B
20240329;100007;1323;1;9985768263;B
20240329;100007;1323;1;9985768266;B
20240329;100007;1323;1;9985768268;B
20240329;100007;1322.6;1;9985768476;S
20240329;100007;1323;1;9985768585;B
20240329;100007;1322.6;1;9985769059;S
20240329;100007;1322.6;1;9985769060;S
20240329;100007;1322.6;1;9985769307;S
20240329;100007;1323;4;9985769310;B
20240329;100007;1322.6;20;9985769311;S
20240329;100007;1323;1;9985769630;B
20240329;100007;1323;1;9985769637;B
20240329;100007;1323;1;9985769669;B
20240329;100008;1323;1;9985769775;B
20240329;100008;1323;6;9985770087;B
20240329;100008;1322.6;24;9985770299;S
20240329;100008;1323;6;9985770409;B
20240329;100008;1323;150;9985770540;B
20240329;100010;1322.6;4;9985770767;S
20240329;100010;1322.6;7;9985770789;S
20240329;100010;1322.6;8;9985770832;S
20240329;100010;1323;9;9985771022;B
20240329;100010;1322.6;8;9985771062;S
20240329;100010;1322.6;6;9985771066;S
20240329;100010;1323;5;9985771108;B
20240329;100010;1323;5;9985771118;B
20240329;100011;1323;2;9985771284;B
20240329;100011;1323;5;9985771302;B
20240329;100011;1323;1;9985771303;B
20240329;100012;1322.6;1;9985771644;S
20240329;100015;1323;1;9985772221;B
20240329;100015;1323;1;9985772222;B
20240329;100015;1323;9;9985772223;B
20240329;100015;1323;10;9985772224;B
20240329;100015;1323;150;9985772225;B
20240329;100015;1323;2;9985772226;B
20240329;100015;1323;17;9985772227;B
20240329;100016;1323;108;9985772488;B
20240329;100016;1323;40;9985772489;B
20240329;100019;1323;2;9985772964;B
20240329;100019;1323;2;9985773134;B
20240329;100020;1323;5;9985773334;B
20240329;100020;1323;1;9985773335;B
20240329;100020;1323;113;9985773336;B
20240329;100020;1323;20;9985773337;B
20240329;100020;1323;1;9985773338;B
20240329;100020;1323;300;9985773339;B
20240329;100022;1323.2;10;9985773744;B
20240329;100022;1323.2;1;9985773745;B
20240329;100022;1323.2;9;9985773746;B
20240329;100023;1323;50;9985773914;S
20240329;100023;1323;25;9985773915;S
20240329;100023;1323.2;1;9985773916;B
20240329;100023;1323;1;9985774137;S
20240329;100023;1323;9;9985774138;S
20240329;100025;1323;10;9985774482;S
20240329;100025;1323.2;2;9985774512;B
20240329;100026;1323;29;9985774623;S
20240329;100027;1323;61;9985774842;S
20240329;100027;1323;25;9985774843;S
20240329;100027;1323;4;9985774844;S
20240329;100028;1323;150;9985774880;S
20240329;100029;1323;1;9985775128;S
20240329;100029;1323;1;9985775129;S
20240329;100029;1323;1;9985775132;S
20240329;100029;1323;9;9985775185;S
20240329;100030;1322.8;10;9985775317;S
20240329;100031;1322.8;100;9985775666;S
20240329;100031;1323;5;9985775671;B
20240329;100032;1323;76;9985775886;B
20240329;100036;1323;5;9985776579;B
20240329;100036;1322.8;380;9985776708;S
20240329;100038;1322.8;1;9985777046;S
20240329;100038;1322.8;9;9985777148;S
20240329;100039;1322.8;1;9985777202;B
20240329;100040;1322.8;1;9985777335;B
20240329;100042;1322.6;16;9985777938;S
20240329;100043;1322.6;7;9985778226;S
20240329;100044;1322.6;44;9985778488;S
20240329;100044;1322.6;6;9985778489;S
20240329;100045;1322.8;4;9985778710;B
20240329;100046;1322.8;10;9985778772;B
20240329;100046;1322.6;69;9985778939;S
20240329;100047;1322.4;25;9985778996;B
20240329;100047;1322.4;228;9985778997;B
20240329;100047;1322.6;97;9985778998;B
20240329;100047;1322.2;50;9985779014;S
20240329;100047;1322.4;21;9985779046;B
20240329;100047;1322;2;9985779058;S
20240329;100047;1322;5;9985779059;S
20240329;100047;1322;1;9985779060;S
20240329;100047;1321.8;8;9985779061;S
20240329;100047;1321.4;1;9985779127;S
20240329;100048;1322.2;8;9985779289;B
20240329;100048;1322.2;7;9985779290;B
20240329;100051;1322;5;9985779906;B
20240329;100052;1321.4;59;9985780108;S
20240329;100052;1321.4;12;9985780109;S
20240329;100052;1321.2;60;9985780110;S
20240329;100052;1321;1;9985780111;S
20240329;100052;1321;1;9985780112;S
20240329;100052;1321;60;9985780113;S
20240329;100052;1321;25;9985780114;S
20240329;100052;1321;136;9985780115;S
20240329;100052;1320.8;176;9985780116;S
20240329;100052;1321;10;9985780217;S
20240329;100055;1321.6;3;9985781066;B
20240329;100056;1321;7;9985781151;S
20240329;100057;1321.4;2;9985781466;B
20240329;100058;1321.8;2;9985781547;B
20240329;100059;1321.8;10;9985781739;B
20240329;100059;1321.8;10;9985781740;B
20240329;100059;1321;6;9985781816;S
20240329;100100;1321;4;9985781928;S
20240329;100100;1321;5;9985781973;S
20240329;100100;1321.8;7;9985782025;B
20240329;100104;1321;8;9985782775;S
20240329;100106;1321.8;8;9985783254;B
20240329;100106;1321.8;142;9985783255;B
20240329;100108;1321;49;9985783614;S
20240329;100109;1320.8;5;9985783763;S
20240329;100113;1320.8;2;9985784262;B
20240329;100113;1320.6;60;9985784341;S
20240329;100113;1320.6;39;9985784342;S
20240329;100114;1320.4;60;9985784444;S
20240329;100114;1320.4;40;9985784445;S
20240329;100114;1320.6;1;9985784471;B
20240329;100114;1320.8;49;9985784472;B
20240329;100115;1320.8;1;9985784576;B
20240329;100115;1320.8;7;9985784577;B
20240329;100118;1320.8;1;9985785297;B
20240329;100119;1320.4;160;9985785518;S
20240329;100119;1320.4;60;9985785519;S
20240329;100119;1320.2;4;9985785520;S
20240329;100119;1320.2;2;9985785521;S
20240329;100119;1320.2;1;9985785522;S
20240329;100119;1320.2;55;9985785523;S
20240329;100119;1320.2;38;9985785524;S
20240329;100119;1320.2;60;9985785525;S
20240329;100119;1320.2;25;9985785526;S
20240329;100119;1320.2;136;9985785527;S
20240329;100119;1320.2;38;9985785528;S
20240329;100119;1320;1;9985785529;S
20240329;100119;1320;38;9985785530;S
20240329;100119;1320;1;9985785531;S
20240329;100119;1320;2;9985785532;S
20240329;100119;1320;12;9985785533;S
20240329;100119;1320;60;9985785534;S
20240329;100119;1320;19;9985785535;S
20240329;100119;1320;76;9985785536;S
20240329;100119;1320;212;9985785537;S
20240329;100120;1320.6;2;9985785669;B
20240329;100129;1320;10;9985787166;S
20240329;100130;1320.2;80;9985787262;S
20240329;100130;1320.2;18;9985787322;S
20240329;100131;1320.2;2;9985787346;S
20240329;100131;1320.2;4;9985787347;S
20240329;100131;1320.2;33;9985787450;S
20240329;100131;1320.2;25;9985787451;S
20240329;100131;1320;50;9985787452;S
20240329;100131;1320;12;9985787453;S
20240329;100131;1320;1;9985787454;S
20240329;100131;1319.8;10;9985787455;S
20240329;100131;1319.8;19;9985787456;S
20240329;100131;1320.4;1;9985787514;B
20240329;100131;1320.4;9;9985787515;B
20240329;100131;1320.4;5;9985787516;B
20240329;100131;1320.6;5;9985787517;B
20240329;100132;1320;10;9985787596;S
20240329;100133;1320;33;9985787758;S
20240329;100133;1320;1;9985787800;S
20240329;100133;1320;10;9985787853;S
20240329;100134;1320;6;9985787862;S
20240329;100134;1319.8;1;9985787863;S
20240329;100134;1319.8;30;9985787864;S
20240329;100134;1319.8;60;9985787865;S
20240329;100134;1319.8;3;9985787866;S
20240329;100135;1320;100;9985788083;S
20240329;100135;1319.8;36;9985788084;S
20240329;100135;1319.8;152;9985788085;S
20240329;100135;1319.6;200;9985788086;S
20240329;100135;1319.6;3;9985788087;S
20240329;100135;1319.6;100;9985788088;S
20240329;100135;1319.6;40;9985788089;S
20240329;100135;1319.6;60;9985788090;S
20240329;100135;1319.6;25;9985788091;S
20240329;100135;1319.6;284;9985788092;S
20240329;100136;1320.2;12;9985788118;B
20240329;100136;1320.2;13;9985788119;B
20240329;100136;1319.8;100;9985788189;S
20240329;100136;1319.6;36;9985788190;S
20240329;100136;1319.6;25;9985788191;S
20240329;100136;1319.4;2;9985788192;S
20240329;100136;1319.4;3;9985788193;S
20240329;100136;1319.6;100;9985788200;S
20240329;100136;1319.4;97;9985788201;S
20240329;100136;1319.4;10;9985788202;S
20240329;100136;1319.4;6;9985788203;S
20240329;100136;1319.4;12;9985788204;S
20240329;100136;1319.4;60;9985788205;S
20240329;100136;1319.4;151;9985788206;S
20240329;100136;1319.4;64;9985788207;S
20240329;100136;1319.6;100;9985788208;S
20240329;100136;1319.4;100;9985788209;S
20240329;100137;1319.6;20;9985788234;S
20240329;100138;1319.6;20;9985788426;S
20240329;100139;1320;1;9985788648;B
20240329;100139;1320;6;9985788649;B
20240329;100142;1319.8;1;9985789079;B
20240329;100142;1319.6;50;9985789110;S
20240329;100143;1319.6;10;9985789411;S
20240329;100143;1319.6;4;9985789412;S
20240329;100143;1319.4;19;9985789413;S
20240329;100144;1319.8;7;9985789543;B
20240329;100144;1319.6;5;9985789548;S
20240329;100144;1319.6;95;9985789586;S
20240329;100145;1319.4;34;9985789790;S
20240329;100146;1319.4;15;9985789844;S
20240329;100146;1319.4;80;9985789862;S
20240329;100146;1319.4;1;9985789876;S
20240329;100147;1319.4;12;9985790043;S
20240329;100147;1319.4;75;9985790150;S
20240329;100147;1319.2;2;9985790151;S
20240329;100147;1319.2;8;9985790152;S
20240329;100148;1319.2;4;9985790175;S
20240329;100150;1319.6;5;9985790476;B
20240329;100151;1319.4;2;9985790582;S
20240329;100151;1319.2;35;9985790583;S
20240329;100152;1319.2;53;9985790751;S
20240329;100152;1319.2;47;9985790752;S
20240329;100153;1319.2;3;9985790877;S
20240329;100153;1319.2;30;9985790878;S
20240329;100153;1319.2;7;9985790879;S
20240329;100153;1319.2;50;9985790880;S
20240329;100155;1319.4;2;9985791171;B
20240329;100155;1319.4;12;9985791212;B
20240329;100155;1319.4;1;9985791224;B
20240329;100156;1319.4;15;9985791277;B
20240329;100156;1319.2;50;9985791323;S
20240329;100156;1319.2;10;9985791324;S
20240329;100157;1319.2;1;9985791451;S
20240329;100159;1319.4;166;9985791746;S
20240329;100159;1319.4;11;9985791747;S
20240329;100159;1319.4;83;9985791808;S
20240329;100159;1319.2;17;9985791809;S
20240329;100159;1319.6;2;9985791831;B
20240329;100159;1319.6;1;9985791832;B
20240329;100200;1319.4;42;9985792019;S
20240329;100200;1319.4;1;9985792020;S
20240329;100200;1319.2;2;9985792021;S
20240329;100200;1319.2;5;9985792022;S
20240329;100200;1319.2;2;9985792023;S
20240329;100200;1319.2;18;9985792024;S
20240329;100200;1319.2;4;9985792025;S
20240329;100200;1319.2;151;9985792026;S
20240329;100200;1319.2;5;9985792027;S
20240329;100201;1319.4;21;9985792126;S
20240329;100201;1319.2;55;9985792127;S
20240329;100201;1319.2;40;9985792161;B
20240329;100201;1319.2;3;9985792280;B
20240329;100202;1319;19;9985792376;S
20240329;100202;1319;85;9985792389;S
20240329;100203;1319.2;4;9985792565;B
20240329;100204;1319.2;35;9985792726;B
20240329;100204;1319.4;8;9985792727;B
20240329;100205;1319.2;10;9985792779;S
20240329;100205;1319.2;42;9985792780;S
20240329;100205;1319.2;18;9985792781;S
20240329;100207;1319.4;15;9985793135;S
20240329;100207;1319.4;45;9985793136;S
20240329;100210;1319.4;15;9985793730;S
20240329;100210;1319.4;60;9985793731;S
20240329;100210;1319.2;3;9985793732;S
20240329;100210;1319.2;41;9985793733;S
20240329;100210;1319.2;5;9985793734;S
20240329;100210;1319;326;9985793735;S
20240329;100212;1319.2;3;9985793985;S
20240329;100212;1319;13;9985793986;S
20240329;100213;1319.2;1;9985794084;S
20240329;100213;1319.2;4;9985794085;S
20240329;100213;1319.4;15;9985794096;B
20240329;100213;1319.2;11;9985794213;S
20240329;100213;1319.2;1;9985794214;S
20240329;100213;1319;306;9985794215;S
20240329;100214;1319.2;1;9985794280;S
20240329;100214;1319;100;9985794333;S
20240329;100215;1319.2;1;9985794527;B
20240329;100218;1319.6;1;9985794987;B
20240329;100219;1319.4;2;9985795135;S
20240329;100219;1319.2;1;9985795136;S
20240329;100219;1319.2;45;9985795137;S
20240329;100219;1319.2;60;9985795138;S
20240329;100219;1319;657;9985795139;S
20240329;100221;1319;1;9985795416;S
20240329;100223;1319;130;9985795688;S
20240329;100226;1319.4;15;9985796198;B
20240329;100227;1319;50;9985796348;S
20240329;100227;1319.4;1;9985796394;B
20240329;100228;1319;1160;9985796455;S
20240329;100228;1319.2;1;9985796497;B
20240329;100231;1319;5;9985797085;S
20240329;100232;1319.2;1;9985797215;B
20240329;100232;1319;1;9985797239;S
20240329;100233;1319.4;2;9985797351;B
20240329;100233;1319.2;1;9985797419;S
20240329;100234;1319;15;9985797577;S
20240329;100235;1319.4;2;9985797651;B
20240329;100235;1319.4;1;9985797717;B
20240329;100243;1319.2;12;9985798908;B
20240329;100246;1319.2;3;9985799356;B
20240329;100246;1319.2;50;9985799358;B
20240329;100246;1319.4;50;9985799359;B
20240329;100248;1319.4;6;9985799654;B
20240329;100248;1319.4;1;9985799657;B
20240329;100249;1319;4;9985799789;S
20240329;100249;1319;30;9985799834;S
20240329;100250;1319.2;2;9985799973;B
20240329;100251;1319;3;9985800124;S
20240329;100253;1319.2;1;9985800352;B
20240329;100255;1319;3;9985800645;S
20240329;100256;1319;200;9985800885;S
20240329;100256;1319;2;9985800889;S
20240329;100259;1319.2;10;9985801179;B
20240329;100300;1319;8;9985801266;S
20240329;100300;1319;31;9985801378;S
20240329;100301;1319.2;2;9985801495;B
20240329;100304;1319;1;9985802036;S
20240329;100304;1319.2;9;9985802075;B
20240329;100306;1319.2;1;9985802328;B
20240329;100307;1319.2;59;9985802515;B
20240329;100307;1319.2;57;9985802516;B
20240329;100307;1319.2;9;9985802518;S
20240329;100307;1319;6;9985802519;S
20240329;100311;1319.2;1;9985803025;B
20240329;100312;1319.4;10;9985803175;B
20240329;100314;1319.4;100;9985803389;B
20240329;100314;1319.4;50;9985803403;B
20240329;100314;1319.4;2;9985803404;B
20240329;100314;1319.4;1;9985803405;B
20240329;100314;1319.4;22;9985803406;B
20240329;100315;1319.2;26;9985803605;S
20240329;100315;1319.4;1;9985803678;B
20240329;100316;1319.2;7;9985803718;S
20240329;100318;1319.4;2;9985804101;B
20240329;100319;1319.2;4;9985804198;S
20240329;100320;1319.4;38;9985804331;B
20240329;100320;1319.2;1;9985804385;S
20240329;100321;1319.4;2;9985804501;B
20240329;100322;1319.4;3;9985804592;B
20240329;100323;1319.4;1;9985804697;B
20240329;100323;1319.2;1;9985804729;S
20240329;100323;1319.2;1;9985804817;S
20240329;100323;1319.2;1;9985804818;S
20240329;100323;1319;98;9985804819;S
20240329;100323;1319;50;9985804820;S
20240329;100324;1319.2;1;9985804884;B
20240329;100326;1319.2;1;9985805148;B
20240329;100327;1319.4;15;9985805449;B
20240329;100329;1319.4;9;9985805905;B
20240329;100331;1319.4;3;9985806130;B
20240329;100334;1319.4;1;9985806769;B
20240329;100335;1319.4;2;9985806925;B
20240329;100336;1319.4;2;9985806957;B
20240329;100336;1319.4;50;9985807090;B
20240329;100344;1319.4;1;9985808309;B
20240329;100347;1319.4;2;9985808717;B
20240329;100349;1319.4;80;9985809048;B
20240329;100350;1319.4;1;9985809160;B
20240329;100353;1319.2;1;9985809606;S
20240329;100353;1319.2;1;9985809607;S
20240329;100353;1319.2;60;9985809608;S
20240329;100353;1319;8;9985809609;S
20240329;100355;1319.4;37;9985809933;B
20240329;100357;1319.4;1;9985810273;B
20240329;100358;1319.4;8;9985810565;B
20240329;100401;1319.4;1;9985811177;B
20240329;100401;1319.4;2;9985811440;B
20240329;100403;1319.4;3;9985811770;B
20240329;100407;1319.2;1;9985812320;S
20240329;100411;1319.2;63;9985812861;B
20240329;100411;1319.4;12;9985812862;B
20240329;100411;1319.4;1;9985812944;B
20240329;100411;1319.4;25;9985812945;B
20240329;100411;1319.4;75;9985812957;B
20240329;100411;1319.4;50;9985813011;B
20240329;100411;1319.4;18;9985813012;B
20240329;100411;1319.4;7;9985813013;B
20240329;100411;1319.4;8;9985813080;B
20240329;100411;1319.4;67;9985813081;B
20240329;100412;1319.4;75;9985813118;B
20240329;100413;1319.4;1;9985813374;B
20240329;100414;1319.4;4;9985813514;B
20240329;100418;1319.2;1;9985814297;S
20240329;100419;1319.2;2;9985814482;S
20240329;100422;1319.4;1;9985814822;B
20240329;100422;1319.4;5;9985814829;B
20240329;100422;1319.4;1;9985814952;B
20240329;100423;1319.4;10;9985815074;B
20240329;100424;1319.4;2;9985815239;B
20240329;100427;1319.4;2;9985815775;B
20240329;100430;1319.4;1;9985816374;B
20240329;100432;1319.4;2;9985816597;B
20240329;100434;1319.4;1;9985816994;B
20240329;100434;1319.4;1;9985817028;B
20240329;100435;1319.4;2;9985817070;B
20240329;100436;1319.4;12;9985817325;B
20240329;100436;1319.4;15;9985817327;B
20240329;100439;1319.2;225;9985817667;S
20240329;100439;1319.2;55;9985817668;S
20240329;100442;1319.4;4;9985818142;B
20240329;100444;1319.2;4;9985818372;S
20240329;100445;1319.4;1;9985818517;B
20240329;100446;1319.4;4;9985818629;B
20240329;100452;1319.4;215;9985819833;B
20240329;100452;1319.4;2;9985819834;B
20240329;100453;1319.4;5;9985819989;B
20240329;100453;1319.4;1;9985819990;B
20240329;100454;1319.4;12;9985820049;B
20240329;100459;1319.4;1;9985820837;B
20240329;100500;1319.4;10;9985820954;B
20240329;100500;1319.2;1;9985820989;S
20240329;100500;1319.2;1;9985820990;S
20240329;100500;1319.2;1;9985820991;S
20240329;100500;1319.4;20;9985821032;B
20240329;100501;1319.2;1;9985821076;S
20240329;100501;1319.2;56;9985821077;S
20240329;100501;1319.2;44;9985821078;S
20240329;100501;1319.2;78;9985821079;S
20240329;100501;1319.2;33;9985821082;S
20240329;100501;1319.2;36;9985821083;S
20240329;100501;1319.2;49;9985821091;S
20240329;100502;1319.2;2;9985821256;S
20240329;100502;1319.2;3;9985821271;S
20240329;100503;1319.4;50;9985821355;B
20240329;100504;1319.2;35;9985821604;S
20240329;100506;1319.2;60;9985821839;S
20240329;100506;1319.2;1;9985821840;S
20240329;100506;1319.2;1;9985821841;S
20240329;100506;1319.2;1;9985821842;S
20240329;100507;1319.2;38;9985822092;B
20240329;100507;1319;38;9985822097;S
20240329;100508;1319;250;9985822175;S
20240329;100508;1319;30;9985822176;S
20240329;100508;1319;58;9985822177;S
20240329;100509;1319.2;49;9985822335;B
20240329;100509;1319.2;63;9985822336;B
20240329;100509;1319.2;79;9985822337;B
20240329;100511;1319.2;5;9985822748;S
20240329;100511;1319;20;9985822749;S
20240329;100511;1319.2;1;9985822753;B
20240329;100511;1319.2;1;9985822757;B
20240329;100514;1319.4;6;9985823199;B
20240329;100514;1319.4;8;9985823200;B
20240329;100514;1319.2;1;9985823229;S
20240329;100514;1319.2;3;9985823230;S
20240329;100514;1319.2;30;9985823231;S
20240329;100516;1319.2;1;9985823430;S
20240329;100517;1319.4;11;9985823616;B
20240329;100522;1319.4;1;9985824395;B
20240329;100523;1319.4;80;9985824557;B
20240329;100523;1319.4;1;9985824558;B
20240329;100523;1319.4;15;9985824559;B
20240329;100523;1319.4;4;9985824560;B
20240329;100524;1319.2;1;9985824638;S
20240329;100524;1319.4;1;9985824647;B
20240329;100525;1319.4;176;9985824834;B
20240329;100525;1319.4;24;9985824835;B
20240329;100526;1319.4;35;9985824949;B
20240329;100528;1319.4;1;9985825124;B
20240329;100528;1319.4;1;9985825150;B
20240329;100528;1319.4;1;9985825151;B
20240329;100535;1319.4;1;9985826360;B
20240329;100537;1319.2;10;9985826587;S
20240329;100540;1319.2;58;9985827284;S
20240329;100540;1319.2;4;9985827285;S
20240329;100540;1319.2;1;9985827286;S
20240329;100540;1319.2;10;9985827287;S
20240329;100540;1319.2;25;9985827288;S
20240329;100540;1319.2;8;9985827289;S
20240329;100540;1319.2;2;9985827290;S
20240329;100540;1319.2;228;9985827291;S
20240329;100540;1319;69;9985827292;S
20240329;100540;1319;5;9985827293;S
20240329;100540;1319;40;9985827294;S
20240329;100540;1319;140;9985827295;S
20240329;100540;1319;5;9985827296;S
20240329;100540;1319;1;9985827297;S
20240329;100540;1319;4;9985827298;S
20240329;100540;1319.4;20;9985827405;B
20240329;100540;1319.4;20;9985827406;B
20240329;100540;1319.4;34;9985827407;B
20240329;100540;1319.4;6;9985827408;B
20240329;100540;1319.4;62;9985827409;B
20240329;100540;1319.6;48;9985827410;B
20240329;100540;1319.6;1;9985827411;B
20240329;100540;1319.6;50;9985827412;B
20240329;100540;1319.6;20;9985827413;B
20240329;100540;1319.6;3;9985827414;B
20240329;100540;1319.8;1;9985827415;B
20240329;100540;1319.8;136;9985827416;B
20240329;100540;1320;6;9985827417;B
20240329;100540;1320;10;9985827418;B
20240329;100540;1320;10;9985827419;B
20240329;100540;1320;15;9985827420;B
20240329;100540;1320;60;9985827421;B
20240329;100540;1320;12;9985827422;B
20240329;100540;1320;1;9985827423;B
20240329;100540;1320;16;9985827424;B
20240329;100540;1320;2;9985827425;B
20240329;100540;1320;10;9985827426;B
20240329;100540;1320;6;9985827427;B
20240329;100540;1320;2;9985827428;B
20240329;100540;1320;25;9985827429;B
20240329;100540;1320.2;60;9985827430;B
20240329;100540;1320.2;114;9985827431;B
20240329;100540;1319.4;25;9985827437;S
20240329;100540;1319.4;10;9985827438;B
20240329;100541;1319.2;1;9985827565;S
20240329;100541;1319;9;9985827566;S
20240329;100544;1319.2;1;9985828000;B
20240329;100547;1319.4;2;9985828509;B
20240329;100549;1319;5;9985828896;S
20240329;100549;1319;287;9985828897;S
20240329;100549;1319;10;9985828898;S
20240329;100549;1319;16;9985828899;S
20240329;100549;1319;1;9985828900;S
20240329;100549;1319;2;9985828901;S
20240329;100549;1319;30;9985828902;S
20240329;100549;1319;1;9985828903;S
20240329;100549;1319;3;9985828904;S
20240329;100549;1319;2;9985828905;S
20240329;100549;1319;8;9985828906;S
20240329;100549;1319;1;9985828907;S
20240329;100549;1319;1;9985828908;S
20240329;100549;1319;5;9985828909;S
20240329;100549;1319;1;9985828910;S
20240329;100549;1319;2;9985828911;S
20240329;100549;1319;1;9985828912;S
20240329;100549;1319;10;9985828913;S
20240329;100549;1318.8;371;9985828914;S
20240329;100549;1318.8;13;9985828915;S
20240329;100549;1318.8;30;9985828916;S
20240329;100549;1318.8;61;9985828917;S
20240329;100550;1319.2;16;9985829041;B
20240329;100551;1319.4;3;9985829159;B
20240329;100551;1319.4;22;9985829160;B
20240329;100551;1319.4;37;9985829199;B
20240329;100553;1319.2;9;9985829389;B
20240329;100555;1319;3;9985829624;B
20240329;100557;1318.6;50;9985830039;S
20240329;100559;1319;86;9985830234;B
20240329;100600;1319;1;9985830456;B
20240329;100601;1319;141;9985830544;B
20240329;100601;1319;60;9985830545;B
20240329;100601;1319.2;72;9985830546;B
20240329;100601;1319.2;100;9985830547;B
20240329;100601;1319.2;1;9985830548;B
20240329;100601;1319;10;9985830563;B
20240329;100602;1319;2;9985830669;B
20240329;100611;1319;80;9985831930;B
20240329;100615;1319;2;9985832446;B
20240329;100617;1318.8;59;9985832889;B
20240329;100617;1319;146;9985832890;B
20240329;100617;1319;150;9985832891;B
20240329;100617;1319;30;9985832892;B
20240329;100617;1319;60;9985832893;B
20240329;100617;1319.2;25;9985832894;B
20240329;100617;1319.2;60;9985832895;B
20240329;100617;1319.2;136;9985832896;B
20240329;100621;1319.8;2;9985833502;B
20240329;100622;1319.4;10;9985833728;S
20240329;100623;1319.8;10;9985833930;B
20240329;100623;1319.8;65;9985833931;B
20240329;100623;1320;1;9985834020;B
20240329;100623;1320;60;9985834021;B
20240329;100623;1320;1;9985834022;B
20240329;100623;1320.2;13;9985834023;B
20240329;100624;1320;60;9985834124;B
20240329;100624;1320.2;15;9985834125;B
20240329;100626;1319.8;7;9985834609;S
20240329;100627;1319.8;51;9985834722;S
20240329;100629;1320.4;1;9985835097;B
20240329;100630;1320.4;1;9985835130;B
20240329;100630;1320.2;3;9985835274;S
20240329;100631;1320.4;1;9985835307;B
20240329;100631;1320.2;225;9985835423;S
20240329;100631;1320.2;63;9985835424;S
20240329;100631;1320;25;9985835425;S
20240329;100631;1320;60;9985835426;S
20240329;100631;1320;27;9985835427;S
20240329;100635;1320.4;2;9985835798;B
20240329;100635;1320.6;1;9985835799;B
20240329;100635;1320.6;1;9985835824;B
20240329;100637;1320;5;9985835986;S
20240329;100640;1320.6;3;9985836439;B
20240329;100640;1320.6;2;9985836440;B
20240329;100640;1320.6;6;9985836441;B
20240329;100640;1320.6;18;9985836442;B
20240329;100641;1320;1;9985836556;S
20240329;100644;1320;10;9985836862;S
20240329;100645;1320.6;11;9985836919;B
20240329;100645;1320.6;40;9985836920;B
20240329;100645;1320.8;60;9985836921;B
20240329;100645;1320.8;90;9985836922;B
20240329;100646;1320.4;25;9985837035;S
20240329;100646;1320.4;10;9985837042;S
20240329;100647;1320.4;100;9985837103;S
20240329;100647;1320.6;14;9985837171;S
20240329;100648;1321;5;9985837267;B
20240329;100648;1321;1;9985837268;B
20240329;100649;1321;12;9985837333;B
20240329;100649;1321;50;9985837334;B
20240329;100649;1321;9;9985837335;B
20240329;100649;1321;30;9985837336;B
20240329;100649;1321;150;9985837337;B
20240329;100649;1321;3;9985837338;B
20240329;100649;1321;100;9985837339;B
20240329;100649;1321;60;9985837340;B
20240329;100649;1321;3;9985837341;B
20240329;100649;1321.2;12;9985837392;B
20240329;100649;1321.2;10;9985837393;B
20240329;100649;1321.2;38;9985837394;B
20240329;100649;1321.2;1;9985837448;B
20240329;100650;1321.2;5;9985837518;B
20240329;100650;1321.2;16;9985837570;B
20240329;100650;1321.4;60;9985837571;B
20240329;100650;1321.4;24;9985837572;B
20240329;100651;1321.4;2;9985837832;B
20240329;100652;1321.4;40;9985837954;B
20240329;100653;1321.4;10;9985838063;B
20240329;100655;1321.4;1;9985838376;B
20240329;100656;1321.2;30;9985838757;S
20240329;100656;1321.2;2;9985838817;S
20240329;100657;1321.2;51;9985838833;S
20240329;100658;1321.4;1;9985839004;B
20240329;100658;1321.4;7;9985839005;B
20240329;100659;1321.4;30;9985839109;B
20240329;100659;1321.2;5;9985839123;S
20240329;100700;1321.6;1;9985839174;B
20240329;100700;1321.6;26;9985839175;B
20240329;100700;1321.6;32;9985839176;B
20240329;100702;1321.2;16;9985839441;S
20240329;100703;1321.4;23;9985839671;B
20240329;100703;1321.4;3;9985839672;B
20240329;100703;1321.6;28;9985839673;B
20240329;100703;1321.6;61;9985839674;B
20240329;100703;1321.6;136;9985839675;B
20240329;100703;1321.8;1;9985839676;B
20240329;100703;1321.8;100;9985839677;B
20240329;100703;1321.8;22;9985839678;B
20240329;100704;1321.6;4;9985839857;B
20240329;100707;1321.6;1;9985840400;B
20240329;100708;1321.4;4;9985840424;S
20240329;100709;1321.4;25;9985840593;S
20240329;100710;1321.4;7;9985840734;S
20240329;100713;1321.6;3;9985841193;B
20240329;100714;1321.6;52;9985841292;B
20240329;100714;1321.6;60;9985841293;B
20240329;100714;1321.6;25;9985841294;B
20240329;100714;1321.4;75;9985841300;S
20240329;100714;1321.2;25;9985841301;S
20240329;100714;1321.4;16;9985841357;S
20240329;100716;1321.6;1;9985841497;B
20240329;100716;1321.6;1;9985841563;B
20240329;100719;1321.6;5;9985842076;B
20240329;100719;1321.4;5;9985842111;S
20240329;100720;1321.4;5;9985842226;S
20240329;100721;1321.4;59;9985842239;B
20240329;100722;1321.4;5;9985842514;B
20240329;100722;1321.6;17;9985842515;B
20240329;100723;1321.2;1;9985842631;S
20240329;100723;1321.2;12;9985842632;S
20240329;100723;1321.2;17;9985842633;S
20240329;100726;1321.4;10;9985842979;B
20240329;100726;1321.4;3;9985843000;B
20240329;100726;1321;4;9985843008;S
20240329;100727;1321;51;9985843095;S
20240329;100727;1321.4;1;9985843131;B
20240329;100727;1321.2;1;9985843240;B
20240329;100728;1321;3;9985843354;S
20240329;100733;1321;3;9985843867;S
20240329;100733;1321.2;2;9985844007;B
20240329;100736;1321.2;1;9985844421;B
20240329;100738;1321.2;2;9985844559;B
20240329;100738;1321.2;13;9985844560;B
20240329;100738;1321;12;9985844590;S
20240329;100738;1321;1;9985844620;S
20240329;100739;1321;10;9985844748;S
20240329;100740;1321.2;2;9985844859;B
20240329;100740;1321.2;2;9985844891;B
20240329;100740;1321.2;1;9985844904;B
20240329;100740;1321.2;5;9985844905;B
20240329;100740;1321.2;44;9985844906;B
20240329;100741;1321.2;1;9985844997;B
20240329;100742;1321.2;5;9985845125;B
20240329;100744;1321;1;9985845276;S
20240329;100744;1321.2;1;9985845296;B
20240329;100744;1321.2;5;9985845315;B
20240329;100744;1321.2;3;9985845330;B
20240329;100746;1321;2;9985845538;S
20240329;100747;1321;1;9985845564;S
20240329;100747;1321;300;9985845573;S
20240329;100748;1321;15;9985845721;S
20240329;100749;1321.2;5;9985845768;B
20240329;100749;1321.2;1;9985845856;B
20240329;100750;1321.2;50;9985845935;B
20240329;100750;1321;100;9985845941;S
20240329;100751;1321;3;9985846030;S
20240329;100751;1321.2;1;9985846077;B
20240329;100751;1321;11;9985846097;S
20240329;100753;1321;9;9985846429;S
20240329;100754;1321;57;9985846575;S
20240329;100754;1321;10;9985846576;S
20240329;100754;1321;1;9985846577;S
20240329;100754;1321;1;9985846578;S
20240329;100754;1321;31;9985846579;S
20240329;100754;1321;34;9985846598;S
20240329;100755;1321.2;1;9985846812;B
20240329;100756;1321;10;9985846967;S
20240329;100756;1321;166;9985846968;S
20240329;100756;1321;12;9985846969;S
20240329;100757;1320.6;2;9985847006;S
20240329;100757;1320.4;49;9985847007;S
20240329;100759;1320.6;1;9985847268;B
20240329;100803;1320.6;1;9985847671;B
20240329;100808;1320.4;40;9985848395;S
20240329;100808;1320.6;1;9985848405;B
20240329;100808;1320.6;16;9985848428;B
20240329;100808;1320.6;18;9985848429;B
20240329;100808;1320.8;70;9985848496;B
20240329;100810;1320.6;1;9985848796;B
20240329;100811;1320.6;2;9985848875;B
20240329;100812;1320.6;6;9985848950;B
20240329;100816;1320.6;7;9985849419;B
20240329;100819;1320.4;2;9985849754;S
20240329;100819;1320.6;2;9985849774;B
20240329;100820;1320.6;1;9985849947;B
20240329;100821;1320.6;13;9985849960;B
20240329;100821;1320.6;38;9985849961;B
20240329;100822;1320.4;2;9985850188;S
20240329;100823;1320.6;2;9985850218;B
20240329;100826;1320.4;5;9985850554;S
20240329;100827;1320.4;51;9985850620;S
20240329;100829;1320.8;10;9985850943;B
20240329;100832;1320.8;1;9985851357;B
20240329;100833;1320.8;1;9985851446;B
20240329;100834;1320.8;3;9985851573;B
20240329;100835;1320.8;9;9985851714;B
20240329;100836;1320.6;1;9985851852;S
20240329;100836;1320.6;1;9985851853;S
20240329;100836;1320.8;2;9985851878;B
20240329;100836;1320.8;1;9985851951;B
20240329;100840;1320.6;1;9985852314;S
20240329;100840;1320.8;6;9985852357;B
20240329;100844;1320.8;6;9985852786;B
20240329;100845;1320.8;93;9985852911;B
20240329;100847;1320.8;2;9985853134;B
20240329;100847;1320.8;3;9985853143;B
20240329;100847;1320.8;4;9985853144;B
20240329;100847;1320.8;2;9985853145;B
20240329;100850;1320.8;3;9985853564;B
20240329;100851;1320.8;14;9985853656;B
20240329;100852;1320.8;20;9985853853;B
20240329;100853;1320.8;20;9985853907;B
20240329;100853;1320.8;1;9985853913;B
20240329;100855;1320.8;84;9985854180;B
20240329;100856;1320.6;2;9985854309;S
20240329;100856;1320.6;1;9985854310;S
20240329;100856;1320.6;10;9985854311;S
20240329;100856;1320.4;7;9985854312;S
20240329;100857;1320.4;51;9985854356;S
20240329;100859;1320.8;8;9985854590;B
20240329;100900;1320.8;26;9985854710;B
20240329;100900;1320.6;15;9985854733;S
20240329;100900;1320.4;25;9985854734;S
20240329;100900;1320.8;40;9985854736;B
20240329;100905;1320.8;1;9985855595;B
20240329;100907;1320.8;2;9985855770;B
20240329;100920;1320.6;25;9985857224;B
20240329;100920;1320.6;18;9985857244;B
20240329;100920;1320.6;27;9985857245;B
20240329;100923;1320.6;34;9985857651;B
20240329;100925;1320.6;1;9985857915;B
20240329;100926;1320.6;1;9985857978;B
20240329;100927;1320.4;51;9985858062;S
20240329;100928;1320.6;2;9985858134;B
20240329;100929;1320.6;20;9985858285;B
20240329;100929;1320.4;40;9985858292;S
20240329;100929;1320.6;50;9985858420;B
20240329;100930;1320.4;175;9985858574;S
20240329;100932;1320.4;1;9985858732;S
20240329;100934;1320.6;2;9985859014;B
20240329;100934;1320.6;2;9985859015;B
20240329;100934;1320.6;2;9985859016;B
20240329;100934;1320.6;30;9985859017;B
20240329;100934;1320.6;54;9985859018;B
20240329;100936;1320.6;67;9985859230;B
20240329;100936;1320.6;56;9985859231;B
20240329;100936;1320.8;77;9985859232;B
20240329;100937;1320.6;3;9985859310;B
20240329;100937;1320.6;1;9985859331;B
20240329;100941;1320.4;4;9985859661;S
20240329;100942;1320.6;4;9985859940;B
20240329;100947;1320.6;1;9985860563;B
20240329;100948;1320.6;100;9985860791;B
20240329;100951;1320.6;1;9985861131;B
20240329;100952;1320.6;118;9985861187;B
20240329;100952;1320.6;56;9985861188;B
20240329;100952;1320.6;1;9985861189;B
20240329;100952;1320.6;2;9985861190;B
20240329;100953;1320.6;2;9985861311;S
20240329;100953;1320.8;5;9985861348;B
20240329;100955;1320.8;1;9985861707;B
20240329;100957;1320.6;21;9985861899;S
20240329;100957;1320.4;29;9985861900;S
20240329;101001;1320.6;5;9985862595;B
20240329;101001;1320.6;7;9985862596;B
20240329;101002;1320.6;100;9985862674;B
20240329;101004;1320.6;1;9985862924;B
20240329;101004;1320.6;11;9985862925;B
20240329;101014;1320.6;1;9985864078;B
20240329;101014;1320.6;7;9985864079;B
20240329;101016;1320.6;5;9985864334;B
20240329;101019;1320.6;1;9985864820;B
20240329;101022;1320.6;1;9985865067;B
20240329;101023;1320.4;11;9985865182;S
20240329;101023;1320.6;226;9985865198;B
20240329;101023;1320.6;65;9985865199;B
20240329;101023;1320.6;56;9985865200;B
20240329;101023;1320.6;2;9985865201;B
20240329;101023;1320.6;1;9985865202;B
20240329;101025;1320.8;38;9985865506;B
20240329;101025;1320.8;1;9985865509;B
20240329;101027;1320.6;51;9985865604;S
20240329;101027;1320.8;17;9985865656;B
20240329;101030;1320.8;1;9985865881;B
20240329;101032;1320.6;631;9985866087;S
20240329;101034;1320.8;1;9985866364;B
20240329;101035;1320.8;3;9985866515;B
20240329;101036;1320.6;6;9985866567;S
20240329;101037;1320.6;20;9985866718;S
20240329;101040;1320.6;4;9985866985;S
20240329;101041;1320.8;11;9985867100;B
20240329;101043;1320.8;4;9985867309;B
20240329;101043;1320.8;1;9985867324;B
20240329;101045;1320.8;4;9985867531;B
20240329;101046;1320.6;30;9985867636;S
20240329;101047;1320.8;10;9985867745;B
20240329;101050;1320.8;2;9985868044;B
20240329;101051;1320.8;1;9985868115;B
20240329;101051;1320.8;3;9985868116;B
20240329;101051;1320.8;4;9985868117;B
20240329;101051;1320.6;1;9985868141;S
20240329;101051;1320.8;1;9985868152;B
20240329;101052;1320.6;10;9985868193;S
20240329;101057;1320.6;51;9985868802;S
20240329;101057;1320.8;1;9985868882;B
20240329;101059;1320.6;148;9985869070;S
20240329;101100;1320.8;6;9985869163;B
20240329;101107;1320.8;988;9985870072;B
20240329;101107;1320.8;2;9985870073;B
20240329;101107;1320.8;136;9985870074;B
20240329;101107;1320.8;25;9985870075;B
20240329;101107;1320.8;1;9985870076;B
20240329;101107;1320.8;1;9985870077;B
20240329;101107;1320.8;228;9985870078;B
20240329;101107;1320.8;619;9985870079;B
20240329;101109;1320.6;76;9985870370;S
20240329;101110;1320.8;377;9985870525;B
20240329;101110;1321;212;9985870526;B
20240329;101110;1321;2;9985870527;B
20240329;101110;1321;1;9985870528;B
20240329;101110;1321;1;9985870529;B
20240329;101110;1321;3;9985870530;B
20240329;101110;1321;36;9985870531;B
20240329;101110;1321;5;9985870532;B
20240329;101110;1321;50;9985870533;B
20240329;101110;1321;56;9985870534;B
20240329;101110;1321;25;9985870535;B
20240329;101110;1321;109;9985870536;B
20240329;101110;1321;174;9985870564;B
20240329;101110;1321.2;5;9985870565;B
20240329;101110;1321.2;5;9985870566;B
20240329;101110;1321.2;5;9985870567;B
20240329;101110;1321.2;12;9985870568;B
20240329;101110;1321.2;1;9985870569;B
20240329;101110;1321.2;5;9985870570;B
20240329;101110;1321.2;3;9985870571;B
20240329;101110;1321.2;60;9985870572;B
20240329;101110;1321.2;19;9985870573;B
20240329;101111;1321.2;1;9985870640;B
20240329;101111;1321.2;40;9985870677;B
20240329;101111;1321.2;25;9985870678;B
20240329;101111;1321.4;5;9985870679;B
20240329;101111;1321.4;5;9985870680;B
20240329;101111;1321.4;5;9985870681;B
20240329;101111;1321.4;5;9985870682;B
20240329;101111;1321.4;1;9985870683;B
20240329;101111;1321.4;60;9985870684;B
20240329;101111;1321.4;66;9985870685;B
20240329;101111;1321.4;136;9985870686;B
20240329;101111;1321.4;60;9985870687;B
20240329;101111;1321.6;43;9985870688;B
20240329;101111;1321.6;5;9985870689;B
20240329;101111;1321.6;5;9985870690;B
20240329;101111;1321.6;20;9985870691;B
20240329;101111;1321.6;1;9985870692;B
20240329;101111;1321.6;300;9985870693;B
20240329;101111;1321.6;59;9985870694;B
20240329;101111;1321.6;40;9985870695;B
20240329;101111;1321.6;30;9985870696;B
20240329;101111;1321.8;133;9985870697;B
20240329;101113;1321;1;9985870860;S
20240329;101115;1321.6;5;9985871036;B
20240329;101116;1321.6;30;9985871162;B
20240329;101117;1321.6;14;9985871367;B
20240329;101118;1321.6;11;9985871540;B
20240329;101118;1321.6;19;9985871541;B
20240329;101118;1321.6;75;9985871578;B
20240329;101118;1321.4;3;9985871590;S
20240329;101119;1321.6;42;9985871666;B
20240329;101119;1321.6;33;9985871667;B
20240329;101119;1321.4;1;9985871678;S
20240329;101121;1321.6;17;9985871984;B
20240329;101121;1321.6;1;9985871985;B
20240329;101121;1321.6;25;9985871986;B
20240329;101121;1321.6;60;9985871987;B
20240329;101121;1321.6;58;9985871988;B
20240329;101121;1321.8;145;9985871989;B
20240329;101121;1321.8;4;9985871990;B
20240329;101121;1321.8;1;9985871991;B
20240329;101121;1321.8;50;9985871992;B
20240329;101121;1321.8;60;9985871993;B
20240329;101121;1321.8;29;9985871994;B
20240329;101122;1321.8;136;9985872119;B
20240329;101122;1321.8;16;9985872120;B
20240329;101122;1321.6;9;9985872156;S
20240329;101122;1321.6;1;9985872254;S
20240329;101122;1321.6;9;9985872255;S
20240329;101123;1321.8;2;9985872332;B
20240329;101124;1321.6;45;9985872386;S
20240329;101124;1322;10;9985872477;B
20240329;101124;1322;1;9985872478;B
20240329;101124;1322;1;9985872479;B
20240329;101124;1322;2;9985872480;B
20240329;101124;1322;186;9985872481;B
20240329;101125;1322;3;9985872586;B
20240329;101125;1322;500;9985872621;B
20240329;101126;1322;1;9985872691;B
20240329;101126;1322;450;9985872732;B
20240329;101127;1321.6;51;9985872776;S
20240329;101127;1322;100;9985872794;B
20240329;101128;1322;120;9985872858;B
20240329;101128;1321.6;80;9985872866;S
20240329;101128;1322;378;9985872976;B
20240329;101128;1322;50;9985872977;B
20240329;101129;1322;2;9985873061;B
20240329;101131;1321.6;52;9985873214;S
20240329;101132;1322;99;9985873309;B
20240329;101132;1322;30;9985873310;B
20240329;101132;1322;67;9985873352;B
20240329;101132;1322;8;9985873353;B
20240329;101132;1322;1;9985873354;B
20240329;101132;1322;10;9985873355;B
20240329;101132;1322;5;9985873356;B
20240329;101132;1322;1;9985873357;B
20240329;101132;1322;3;9985873358;B
20240329;101132;1322;40;9985873359;B
20240329;101132;1322;1;9985873360;B
20240329;101132;1322;2;9985873361;B
20240329;101132;1322;1;9985873362;B
20240329;101132;1322;36;9985873363;B
20240329;101132;1322;25;9985873364;B
20240329;101133;1322;875;9985873561;B
20240329;101133;1322;60;9985873562;B
20240329;101133;1322;25;9985873563;B
20240329;101133;1322;9;9985873609;S
20240329;101134;1322;1;9985873632;S
20240329;101134;1322;30;9985873710;S
20240329;101135;1322.2;5;9985873755;B
20240329;101135;1322.2;5;9985873780;B
20240329;101135;1322.2;16;9985873781;B
20240329;101135;1322.2;5;9985873811;B
20240329;101135;1322.2;79;9985873843;B
20240329;101135;1322.2;25;9985873844;B
20240329;101135;1322.4;51;9985873845;B
20240329;101135;1322.4;2;9985873846;B
20240329;101135;1322.4;1;9985873847;B
20240329;101135;1322.4;60;9985873848;B
20240329;101135;1322.4;27;9985873849;B
20240329;101135;1322.4;60;9985873850;B
20240329;101135;1322.4;60;9985873851;B
20240329;101135;1322.6;14;9985873852;B
20240329;101136;1322.2;5;9985874006;S
20240329;101137;1322.2;100;9985874022;S
20240329;101138;1322.4;25;9985874116;B
20240329;101138;1322.6;75;9985874117;B
20240329;101138;1322.6;50;9985874160;B
20240329;101141;1322.6;100;9985874476;B
20240329;101141;1322.6;95;9985874536;B
20240329;101141;1322.6;5;9985874537;B
20240329;101141;1322.6;15;9985874538;B
20240329;101141;1322.6;8;9985874539;B
20240329;101141;1322.6;77;9985874540;B
20240329;101141;1322.6;100;9985874541;B
20240329;101141;1322.6;100;9985874542;B
20240329;101141;1322.6;100;9985874543;B
20240329;101142;1322.6;10;9985874641;B
20240329;101142;1322.6;113;9985874674;B
20240329;101142;1322.6;1;9985874675;B
20240329;101142;1322.6;250;9985874676;B
20240329;101142;1322.6;5;9985874677;B
20240329;101142;1322.8;1;9985874678;B
20240329;101142;1322.8;3;9985874679;B
20240329;101142;1322.8;2;9985874680;B
20240329;101142;1322.8;25;9985874681;B
20240329;101144;1322.8;10;9985874955;B
20240329;101144;1322.8;6;9985875010;B
20240329;101144;1322.8;19;9985875022;B
20240329;101144;1322.8;60;9985875023;B
20240329;101144;1322.8;25;9985875024;B
20240329;101144;1322.8;91;9985875025;B
20240329;101146;1322.8;10;9985875214;B
20240329;101146;1322.6;1;9985875217;S
20240329;101148;1322.8;1;9985875393;B
20240329;101149;1322.8;350;9985875568;B
20240329;101149;1322.8;2;9985875572;B
20240329;101150;1322.8;5;9985875739;B
20240329;101151;1322.8;24;9985875866;B
20240329;101151;1322.8;289;9985875867;B
20240329;101151;1322.8;25;9985875868;B
20240329;101151;1322.8;5;9985875869;B
20240329;101151;1322.8;5;9985875870;B
20240329;101151;1323;15;9985875871;B
20240329;101151;1323;140;9985875873;B
20240329;101151;1323;1;9985875874;B
20240329;101151;1323;7;9985875875;B
20240329;101151;1323;3;9985875876;B
20240329;101151;1323;1;9985875877;B
20240329;101151;1323;30;9985875878;B
20240329;101151;1323;18;9985875879;B
20240329;101151;1323;5;9985875900;B
20240329;101151;1323;62;9985875913;B
20240329;101151;1323;38;9985875914;B
20240329;101152;1323;10;9985875955;B
20240329;101152;1323;1;9985875956;B
20240329;101152;1323;1;9985875957;B
20240329;101152;1323;62;9985875958;B
20240329;101152;1323;10;9985875992;B
20240329;101152;1323;20;9985876021;B
20240329;101152;1323;8;9985876037;B
20240329;101152;1323;1;9985876038;B
20240329;101152;1323;2;9985876039;B
20240329;101152;1323;4;9985876040;B
20240329;101152;1323;22;9985876041;B
20240329;101153;1322.8;4;9985876050;S
20240329;101153;1323;1;9985876083;B
20240329;101153;1323;6;9985876101;B
20240329;101153;1323;2;9985876106;B
20240329;101153;1323;1;9985876121;B
20240329;101153;1323;2;9985876138;B
20240329;101154;1323;100;9985876236;B
20240329;101154;1323;30;9985876260;B
20240329;101154;1323;36;9985876273;B
20240329;101154;1323;5;9985876274;B
20240329;101154;1323;59;9985876275;B
20240329;101154;1323;250;9985876276;B
20240329;101155;1323;40;9985876337;B
20240329;101156;1323;30;9985876360;B
20240329;101156;1323;121;9985876362;B
20240329;101156;1323;38;9985876363;B
20240329;101156;1323;100;9985876364;B
20240329;101156;1323;3;9985876365;B
20240329;101156;1323;40;9985876366;B
20240329;101156;1323;24;9985876367;B
20240329;101156;1323;30;9985876368;B
20240329;101156;1323;75;9985876369;B
20240329;101156;1323.2;38;9985876370;B
20240329;101156;1323.2;10;9985876371;B
20240329;101156;1323.2;1;9985876372;B
20240329;101156;1323.2;150;9985876373;B
20240329;101156;1323.2;1;9985876374;B
20240329;101156;1323.2;25;9985876375;B
20240329;101156;1323.2;151;9985876376;B
20240329;101156;1323.2;60;9985876377;B
20240329;101156;1323.2;25;9985876378;B
20240329;101156;1323.4;1;9985876392;B
20240329;101156;1323.4;50;9985876393;B
20240329;101156;1323.4;5;9985876394;B
20240329;101156;1323.4;1;9985876395;B
20240329;101156;1323.4;1;9985876396;B
20240329;101156;1323.4;50;9985876397;B
20240329;101156;1323.4;60;9985876398;B
20240329;101156;1323.4;25;9985876399;B
20240329;101156;1323.4;24;9985876400;B
20240329;101156;1323.6;10;9985876401;B
20240329;101156;1323.6;10;9985876402;B
20240329;101156;1323.6;5;9985876403;B
20240329;101156;1323.6;558;9985876404;B
20240329;101156;1323.2;10;9985876405;S
20240329;101156;1323.4;43;9985876447;S
20240329;101156;1323.4;77;9985876448;S
20240329;101156;1323.6;1;9985876450;B
20240329;101156;1323.6;76;9985876456;B
20240329;101156;1323.2;228;9985876478;S
20240329;101156;1323.2;7;9985876479;S
20240329;101156;1323.2;206;9985876480;S
20240329;101156;1323;75;9985876481;S
20240329;101156;1323;61;9985876482;S
20240329;101156;1322.8;1;9985876483;S
20240329;101156;1322.8;1;9985876484;S
20240329;101156;1322.8;12;9985876485;S
20240329;101156;1322.8;25;9985876486;S
20240329;101156;1322.8;175;9985876487;S
20240329;101156;1323.2;10;9985876495;B
20240329;101157;1322.8;8;9985876567;S
20240329;101157;1322.8;31;9985876568;S
20240329;101157;1322.8;20;9985876569;S
20240329;101158;1323;100;9985876684;S
20240329;101158;1322.8;10;9985876718;B
20240329;101158;1322.8;5;9985876723;B
20240329;101158;1322.8;10;9985876734;B
20240329;101159;1322.8;152;9985876770;B
20240329;101159;1323;400;9985876796;B
20240329;101159;1323;25;9985876797;B
20240329;101159;1323.2;60;9985876798;B
20240329;101159;1323.2;6;9985876799;B
20240329;101159;1323.2;1;9985876805;B
20240329;101159;1323.2;5;9985876806;B
20240329;101200;1323.2;6;9985876846;B
20240329;101201;1323.2;10;9985876921;B
20240329;101201;1323;1;9985876976;S
20240329;101201;1323.2;11;9985876987;B
20240329;101201;1323.2;229;9985876995;B
20240329;101201;1323.2;25;9985876996;B
20240329;101201;1323.2;60;9985876997;B
20240329;101201;1323.4;12;9985876998;B
20240329;101201;1323.4;174;9985876999;B
20240329;101202;1323;1;9985877189;S
20240329;101204;1323.4;10;9985877393;B
20240329;101204;1323.4;10;9985877394;B
20240329;101204;1323.2;5;9985877471;S
20240329;101204;1323.4;23;9985877477;B
20240329;101204;1323.4;23;9985877483;B
20240329;101204;1323.4;23;9985877523;B
20240329;101205;1323.4;18;9985877558;B
20240329;101206;1323.4;100;9985877723;B
20240329;101207;1323.4;30;9985877820;B
20240329;101208;1323.4;13;9985877901;B
20240329;101208;1323.4;25;9985877902;B
20240329;101208;1323.4;12;9985877903;B
20240329;101208;1323.2;151;9985877917;S
20240329;101209;1323.2;170;9985877999;S
20240329;101209;1323.2;30;9985878057;S
20240329;101209;1323.4;20;9985878085;B
20240329;101210;1323.4;30;9985878121;B
20240329;101210;1323.4;80;9985878136;B
20240329;101210;1323.4;3;9985878213;B
20240329;101210;1323.4;5;9985878233;B
20240329;101210;1323.4;25;9985878238;B
20240329;101210;1323.4;1;9985878246;B
20240329;101210;1323.4;5;9985878276;B
20240329;101211;1323.4;69;9985878288;B
20240329;101211;1323.4;5;9985878289;B
20240329;101211;1323.4;10;9985878290;B
20240329;101211;1323.4;25;9985878291;B
20240329;101211;1323.4;59;9985878292;B
20240329;101211;1323.6;165;9985878293;B
20240329;101211;1323.6;44;9985878294;B
20240329;101211;1323.4;10;9985878346;B
20240329;101211;1323.4;25;9985878359;B
20240329;101211;1323.4;463;9985878396;B
20240329;101212;1323.4;30;9985878412;B
20240329;101212;1323.4;15;9985878449;B
20240329;101212;1323.4;7;9985878498;B
20240329;101212;1323.4;11;9985878499;B
20240329;101212;1323.4;14;9985878500;B
20240329;101212;1323.4;16;9985878501;B
20240329;101215;1323.4;3;9985878706;B
20240329;101215;1323.4;12;9985878757;B
20240329;101215;1323.4;18;9985878758;B
20240329;101215;1323.6;21;9985878763;B
20240329;101215;1323.6;1;9985878764;B
20240329;101215;1323.6;10;9985878765;B
20240329;101215;1323.6;5;9985878766;B
20240329;101215;1323.6;13;9985878767;B
20240329;101217;1323.8;6;9985878869;B
20240329;101217;1323.8;12;9985878873;B
20240329;101217;1323.6;1;9985878882;S
20240329;101217;1323.8;2;9985878903;B
20240329;101217;1323.8;1;9985878904;B
20240329;101217;1323.8;1;9985878905;B
20240329;101217;1323.8;1;9985878906;B
20240329;101217;1323.8;1;9985878907;B
20240329;101217;1323.8;2;9985878918;B
20240329;101218;1323.6;4;9985878969;S
20240329;101218;1323.8;2;9985878985;B
20240329;101218;1323.8;41;9985878986;B
20240329;101219;1323.8;5;9985879031;B
20240329;101219;1323.6;5;9985879060;S
20240329;101219;1323.8;20;9985879067;B
20240329;101219;1323.8;10;9985879133;B
20240329;101219;1323.8;1;9985879149;B
20240329;101219;1323.6;1;9985879174;S
20240329;101220;1323.8;3;9985879223;B
20240329;101220;1323.8;3;9985879252;B
20240329;101221;1323.8;3;9985879311;B
20240329;101221;1323.8;14;9985879352;B
20240329;101221;1323.8;3;9985879353;B
20240329;101221;1323.8;22;9985879383;B
20240329;101222;1323.6;6;9985879419;S
20240329;101223;1323.8;1;9985879510;B
20240329;101223;1323.8;23;9985879511;B
20240329;101223;1323.8;2;9985879536;B
20240329;101223;1323.6;5;9985879567;S
20240329;101224;1323.6;2;9985879608;S
20240329;101225;1323.8;2;9985879653;B
20240329;101225;1323.6;3;9985879668;S
20240329;101225;1323.8;9;9985879673;B
20240329;101225;1323.8;1;9985879731;B
20240329;101227;1323.8;45;9985879847;B
20240329;101227;1323.6;51;9985879852;S
20240329;101227;1323.8;100;9985879887;B
20240329;101227;1323.8;1;9985879891;B
20240329;101227;1323.8;7;9985879913;B
20240329;101227;1323.8;13;9985879914;B
20240329;101227;1323.8;10;9985879915;B
20240329;101227;1323.8;25;9985879916;B
20240329;101227;1323.8;4;9985879917;B
20240329;101227;1323.8;1;9985879918;B
20240329;101227;1323.8;1;9985879919;B
20240329;101227;1323.8;64;9985879920;B
20240329;101227;1323.8;20;9985879928;B
20240329;101227;1323.8;15;9985879933;B
20240329;101228;1323.8;1;9985879947;B
20240329;101228;1323.8;102;9985879994;B
20240329;101228;1323.8;7;9985879995;B
20240329;101228;1323.8;3;9985880013;B
20240329;101228;1323.8;2;9985880038;B
20240329;101228;1323.8;2;9985880041;B
20240329;101228;1323.8;15;9985880051;B
20240329;101229;1323.8;8;9985880055;B
20240329;101229;1323.8;107;9985880093;B
20240329;101229;1323.8;1;9985880094;B
20240329;101229;1323.8;25;9985880095;B
20240329;101229;1324;1;9985880096;B
20240329;101229;1324;5;9985880097;B
20240329;101229;1324;27;9985880098;B
20240329;101229;1323.8;96;9985880135;B
20240329;101229;1323.8;4;9985880136;B
20240329;101229;1323.8;10;9985880137;B
20240329;101229;1323.6;3;9985880145;S
20240329;101229;1323.8;11;9985880153;B
20240329;101229;1323.8;9;9985880154;B
20240329;101229;1323.6;2;9985880157;S
20240329;101229;1323.8;30;9985880158;B
20240329;101230;1323.8;61;9985880208;B
20240329;101230;1323.8;9;9985880209;B
20240329;101230;1323.6;1;9985880215;S
20240329;101230;1324;151;9985880216;B
20240329;101230;1324;23;9985880235;B
20240329;101230;1324;1;9985880236;B
20240329;101230;1324;1;9985880237;B
20240329;101230;1324;10;9985880238;B
20240329;101230;1324;15;9985880239;B
20240329;101231;1324;5;9985880326;B
20240329;101231;1324;20;9985880327;B
20240329;101231;1324;15;9985880328;B
20240329;101231;1324;123;9985880353;B
20240329;101232;1324;296;9985880569;B
20240329;101232;1324;2500;9985880599;B
20240329;101232;1324;2;9985880600;B
20240329;101232;1324;841;9985880601;B
20240329;101232;1324;1;9985880602;B
20240329;101232;1324;5;9985880603;B
20240329;101232;1324;2;9985880604;B
20240329;101232;1324;50;9985880605;B
20240329;101232;1324;2;9985880606;B
20240329;101232;1324;1;9985880607;B
20240329;101232;1324;70;9985880608;B
20240329;101232;1324;3;9985880609;B
20240329;101232;1324;25;9985880610;B
20240329;101232;1324;61;9985880611;S
20240329;101232;1324;39;9985880612;B
20240329;101232;1324.2;1;9985880613;B
20240329;101232;1324.2;1;9985880614;B
20240329;101232;1324.2;2;9985880615;B
20240329;101232;1324.2;20;9985880616;B
20240329;101232;1324.2;60;9985880617;B
20240329;101232;1324.2;16;9985880618;S
20240329;101232;1324;84;9985880619;B
20240329;101233;1324.2;1;9985880711;S
20240329;101233;1324;1;9985880736;S
20240329;101234;1324;1;9985880788;S
20240329;101234;1324.2;1;9985880863;S
20240329;101235;1324.4;4;9985880882;B
20240329;101236;1324.4;2;9985881087;B
20240329;101236;1324.4;3;9985881088;B
20240329;101236;1324.4;7;9985881089;B
20240329;101236;1324.4;5;9985881090;B
20240329;101236;1324.4;3;9985881091;B
20240329;101236;1324.4;10;9985881092;B
20240329;101236;1324.4;1;9985881093;B
20240329;101236;1324.4;30;9985881094;B
20240329;101236;1324.4;25;9985881095;B
20240329;101236;1324.6;5;9985881096;B
20240329;101236;1324.6;60;9985881097;B
20240329;101236;1324.6;10;9985881098;B
20240329;101236;1324.6;50;9985881099;B
20240329;101236;1324.6;20;9985881100;B
20240329;101236;1324.6;1;9985881101;B
20240329;101236;1324.6;50;9985881102;B
20240329;101236;1324.6;60;9985881103;B
20240329;101236;1324.8;10;9985881104;B
20240329;101236;1324.8;1;9985881105;B
20240329;101236;1324.8;1;9985881106;B
20240329;101236;1324.8;50;9985881107;B
20240329;101236;1324.8;1;9985881108;B
20240329;101236;1324.8;30;9985881109;B
20240329;101236;1324.8;44;9985881110;B
20240329;101236;1324.8;9;9985881111;B
20240329;101236;1324.8;20;9985881112;B
20240329;101236;1324.8;304;9985881113;B
20240329;101236;1324.8;40;9985881114;B
20240329;101236;1324.8;60;9985881115;B
20240329;101236;1325;78;9985881116;B
20240329;101236;1324.8;6;9985881118;B
20240329;101236;1324.8;14;9985881119;B
20240329;101236;1324.6;100;9985881120;S
20240329;101236;1324.6;100;9985881121;S
20240329;101236;1324.6;100;9985881122;S
20240329;101236;1324.8;2;9985881124;B
20240329;101236;1324.4;12;9985881132;S
20240329;101236;1324.4;17;9985881133;S
20240329;101236;1324.6;10;9985881143;B
20240329;101236;1324.4;200;9985881156;B
20240329;101236;1324.4;25;9985881157;B
20240329;101236;1324.6;60;9985881158;B
20240329;101236;1324.8;228;9985881159;B
20240329;101236;1324.8;40;9985881160;B
20240329;101236;1324.8;1;9985881161;B
20240329;101236;1325;622;9985881162;B
20240329;101236;1325;1;9985881163;B
20240329;101236;1325;4;9985881164;B
20240329;101236;1325;1;9985881165;B
20240329;101236;1325;2;9985881166;B
20240329;101236;1325;10;9985881167;B
20240329;101236;1325;1;9985881168;B
20240329;101236;1325;1;9985881169;B
20240329;101236;1325;10;9985881170;B
20240329;101236;1325;70;9985881171;B
20240329;101236;1325;40;9985881172;B
20240329;101236;1325;5;9985881173;B
20240329;101236;1325;80;9985881174;B
20240329;101236;1325;48;9985881175;B
20240329;101236;1325;1;9985881176;B
20240329;101236;1325;100;9985881177;B
20240329;101236;1325;20;9985881178;B
20240329;101236;1325;1;9985881179;B
20240329;101236;1325;1;9985881180;B
20240329;101236;1325;5;9985881181;B
20240329;101236;1325;1;9985881182;B
20240329;101236;1325;1;9985881183;B
20240329;101236;1325;1;9985881184;B
20240329;101236;1325;20;9985881185;B
20240329;101236;1324.2;1;9985881189;S
20240329;101237;1324.2;2;9985881191;S
20240329;101237;1324.2;46;9985881193;S
20240329;101237;1324.6;9;9985881215;B
20240329;101237;1324.2;5;9985881264;S
20240329;101237;1324.6;41;9985881279;B
20240329;101237;1324.6;1;9985881280;B
20240329;101237;1324.6;2;9985881281;B
20240329;101237;1324.8;106;9985881282;B
20240329;101238;1324.8;50;9985881294;B
20240329;101238;1324.6;1;9985881326;B
20240329;101238;1324.6;5;9985881345;B
20240329;101238;1324.6;10;9985881389;B
20240329;101238;1324.6;212;9985881399;B
20240329;101238;1324.6;59;9985881400;B
20240329;101238;1324.8;1;9985881401;B
20240329;101238;1324.8;10;9985881402;B
20240329;101238;1324.8;15;9985881403;B
20240329;101238;1324.8;2;9985881404;B
20240329;101238;1324.8;25;9985881405;B
20240329;101238;1324.8;245;9985881406;B
20240329;101238;1324.8;1;9985881407;B
20240329;101238;1324.8;30;9985881408;B
20240329;101238;1324.8;35;9985881409;B
20240329;101238;1324.8;60;9985881410;B
20240329;101238;1325;262;9985881411;B
20240329;101238;1325;8;9985881412;B
20240329;101238;1325;253;9985881413;B
20240329;101238;1325;20;9985881414;B
20240329;101238;1325;1;9985881415;B
20240329;101238;1325;4;9985881416;B
20240329;101238;1325;2;9985881417;B
20240329;101238;1325;7;9985881418;B
20240329;101238;1325;6;9985881419;B
20240329;101238;1325;20;9985881420;B
20240329;101238;1325;152;9985881421;B
20240329;101238;1325;24;9985881422;B
20240329;101238;1325;350;9985881423;B
20240329;101238;1325;12;9985881424;B
20240329;101238;1325;1;9985881425;B
20240329;101238;1325;50;9985881426;B
20240329;101238;1325;9;9985881427;B
20240329;101238;1325;194;9985881428;B
20240329;101238;1325;12;9985881429;B
20240329;101238;1325;2;9985881430;B
20240329;101238;1325;1;9985881431;B
20240329;101238;1325;1;9985881432;B
20240329;101238;1325;3;9985881433;B
20240329;101238;1325;100;9985881434;B
20240329;101238;1325;1;9985881435;B
20240329;101238;1325;20;9985881436;B
20240329;101238;1325;60;9985881437;B
20240329;101238;1325;50;9985881438;B
20240329;101238;1325;200;9985881439;B
20240329;101238;1325;20;9985881440;B
20240329;101238;1325;1;9985881441;B
20240329;101238;1325;65;9985881442;B
20240329;101238;1325;1;9985881443;B
20240329;101238;1325;1;9985881444;B
20240329;101238;1325;250;9985881445;B
20240329;101238;1325.2;77;9985881446;B
20240329;101238;1325.2;5;9985881447;B
20240329;101238;1325.2;500;9985881448;B
20240329;101238;1325.2;1;9985881449;B
20240329;101238;1325.2;3;9985881450;B
20240329;101238;1325.2;60;9985881451;B
20240329;101238;1325.2;135;9985881452;B
20240329;101238;1325.4;1;9985881453;B
20240329;101238;1325.4;1;9985881454;B
20240329;101238;1325.4;150;9985881455;B
20240329;101238;1325.4;1;9985881456;B
20240329;101238;1325.4;100;9985881457;B
20240329;101238;1325.4;60;9985881458;B
20240329;101238;1325.4;600;9985881459;B
20240329;101238;1325.4;1;9985881460;B
20240329;101238;1325.6;1;9985881461;B
20240329;101238;1325.6;30;9985881462;B
20240329;101238;1325.6;15;9985881463;B
20240329;101238;1325.6;2;9985881464;B
20240329;101238;1325.6;60;9985881465;B
20240329;101238;1325.6;60;9985881466;B
20240329;101238;1325.8;45;9985881467;B
20240329;101238;1325.8;150;9985881468;B
20240329;101238;1325.8;1;9985881469;B
20240329;101238;1325.8;2;9985881470;B
20240329;101238;1325.8;200;9985881471;B
20240329;101238;1325.8;20;9985881472;B
20240329;101238;1325.8;171;9985881473;B
20240329;101238;1326;1;9985881474;B
20240329;101238;1326;1;9985881475;B
20240329;101238;1326;50;9985881476;B
20240329;101238;1326;20;9985881477;B
20240329;101238;1326;10;9985881478;B
20240329;101238;1326;1;9985881479;B
20240329;101238;1326;2;9985881480;B
20240329;101238;1326;50;9985881481;B
20240329;101238;1326;88;9985881482;B
20240329;101238;1326;2;9985881483;B
20240329;101238;1326;20;9985881484;B
20240329;101238;1326;300;9985881485;B
20240329;101238;1326;13;9985881486;B
20240329;101238;1326;50;9985881487;B
20240329;101238;1326;9;9985881488;B
20240329;101238;1326;50;9985881489;B
20240329;101238;1326;1;9985881490;B
20240329;101238;1326;5;9985881491;B
20240329;101238;1326;20;9985881492;B
20240329;101238;1326;5;9985881493;B
20240329;101238;1326;8;9985881494;B
20240329;101238;1326;20;9985881495;B
20240329;101238;1326;2;9985881496;B
20240329;101238;1326;3;9985881497;B
20240329;101238;1326;600;9985881498;B
20240329;101238;1326;600;9985881499;B
20240329;101238;1326.2;179;9985881500;B
20240329;101238;1326.2;1;9985881501;B
20240329;101238;1326.2;20;9985881502;B
20240329;101238;1326.2;23;9985881503;B
20240329;101238;1326.2;36;9985881504;B
20240329;101239;1325.2;59;9985881505;S
20240329;101239;1325;41;9985881506;S
20240329;101239;1325.4;24;9985881507;B
20240329;101239;1325.4;1;9985881564;S
20240329;101239;1325.2;3;9985881565;S
20240329;101239;1325.8;25;9985881587;B
20240329;101239;1325.8;203;9985881596;B
20240329;101239;1326;58;9985881597;B
20240329;101239;1326;42;9985881598;B
20240329;101239;1326.2;60;9985881599;B
20240329;101239;1326.2;135;9985881600;B
20240329;101239;1326.2;107;9985881601;B
20240329;101239;1326.4;8;9985881602;B
20240329;101239;1326.4;150;9985881603;B
20240329;101239;1326.4;500;9985881604;B
20240329;101239;1326.4;700;9985881605;B
20240329;101239;1326.4;37;9985881606;B
20240329;101239;1325.8;12;9985881610;S
20240329;101239;1325.6;88;9985881611;S
20240329;101239;1325.4;200;9985881667;S
20240329;101239;1325.4;14;9985881668;S
20240329;101239;1325.4;9;9985881669;S
20240329;101239;1325.2;72;9985881670;S
20240329;101239;1325.4;12;9985881680;S
20240329;101239;1325.2;12;9985881681;S
20240329;101239;1325.2;76;9985881682;S
20240329;101239;1325.4;1;9985881708;B
20240329;101239;1325.6;70;9985881709;B
20240329;101239;1325.6;12;9985881710;B
20240329;101239;1325.8;214;9985881711;B
20240329;101239;1325.8;3;9985881722;S
20240329;101239;1325.8;1;9985881728;S
20240329;101239;1326;1;9985881730;B
20240329;101239;1326;228;9985881731;B
20240329;101239;1326;1;9985881732;B
20240329;101239;1326;1;9985881733;B
20240329;101239;1326;1;9985881734;B
20240329;101239;1326;68;9985881735;B
20240329;101239;1325.8;1;9985881760;S
20240329;101240;1325.8;2;9985881771;S
20240329;101240;1326;2;9985881784;B
20240329;101240;1325.8;10;9985881786;S
20240329;101240;1325.8;1;9985881788;S
20240329;101240;1325.8;1;9985881797;S
20240329;101240;1325.8;1;9985881908;S
20240329;101241;1326;5;9985881982;B
20240329;101241;1326;1;9985882068;B
20240329;101241;1326;124;9985882102;B
20240329;101241;1326;100;9985882103;B
20240329;101241;1326;1;9985882104;B
20240329;101241;1326;75;9985882105;B
20240329;101242;1326;300;9985882107;B
20240329;101243;1325.8;33;9985882314;S
20240329;101243;1325.8;36;9985882315;S
20240329;101243;1325.4;20;9985882320;S
20240329;101243;1325.4;19;9985882353;S
20240329;101244;1325.6;20;9985882388;B
20240329;101244;1325.4;10;9985882390;S
20240329;101244;1325.6;2;9985882406;B
20240329;101244;1325.6;2;9985882421;B
20240329;101244;1325.4;12;9985882438;S
20240329;101244;1325.4;1;9985882448;S
20240329;101244;1325.6;2;9985882477;B
20240329;101244;1325.6;4;9985882488;B
20240329;101246;1325.4;8;9985882692;S
20240329;101246;1325.6;1;9985882706;B
20240329;101246;1325.6;1;9985882715;B
20240329;101246;1325.8;99;9985882716;B
20240329;101247;1325.8;30;9985882722;B
20240329;101247;1325.4;10;9985882820;S
20240329;101247;1325.4;1;9985882821;S
20240329;101247;1325.4;8;9985882822;S
20240329;101247;1325.4;5;9985882835;B
20240329;101248;1325.4;40;9985882872;B
20240329;101248;1325.4;2;9985882942;B
20240329;101248;1325.4;16;9985883002;B
20240329;101249;1325.8;228;9985883004;B
20240329;101249;1326;101;9985883005;B
20240329;101249;1325.4;80;9985883101;S
20240329;101249;1325.4;7;9985883116;S
20240329;101249;1325.4;20;9985883126;B
20240329;101249;1325.4;20;9985883127;B
20240329;101250;1325.4;100;9985883138;B
20240329;101250;1325.4;2;9985883139;B
20240329;101250;1325.4;8;9985883177;B
20240329;101251;1325.4;5;9985883244;B
20240329;101251;1325.4;88;9985883245;B
20240329;101251;1325.4;200;9985883246;B
20240329;101251;1325.8;112;9985883247;B
20240329;101251;1325.8;25;9985883250;B
20240329;101251;1325.8;1;9985883276;B
20240329;101252;1325.8;26;9985883456;B
20240329;101252;1325.8;10;9985883457;B
20240329;101252;1326;111;9985883458;B
20240329;101252;1326;8;9985883485;B
20240329;101252;1325.8;2;9985883501;B
20240329;101252;1325.8;8;9985883507;B
20240329;101252;1326;12;9985883508;B
20240329;101254;1325.8;2;9985883682;B
20240329;101254;1325.8;8;9985883687;B
20240329;101254;1326;92;9985883688;B
20240329;101254;1326;15;9985883703;B
20240329;101255;1325.8;1;9985883794;B
20240329;101255;1325.8;1;9985883822;B
20240329;101255;1325.8;8;9985883835;B
20240329;101255;1326;2;9985883836;B
20240329;101255;1325.8;200;9985883837;S
20240329;101256;1326;44;9985883878;B
20240329;101256;1326;1;9985883879;B
20240329;101256;1326;10;9985883880;B
20240329;101256;1326;10;9985883881;B
20240329;101256;1326;12;9985883882;B
20240329;101256;1326;10;9985883883;B
20240329;101256;1326;1;9985883884;B
20240329;101256;1326;50;9985883885;B
20240329;101256;1326;146;9985883886;B
20240329;101256;1326;2;9985883887;B
20240329;101256;1326;47;9985883888;B
20240329;101256;1325.8;186;9985883896;S
20240329;101256;1325.8;18;9985883897;S
20240329;101256;1325.8;10;9985883898;S
20240329;101256;1325.8;19;9985883899;S
20240329;101256;1325.6;135;9985883900;S
20240329;101256;1325.6;5;9985883901;S
20240329;101256;1325.6;7;9985883902;S
20240329;101256;1325.6;55;9985883903;S
20240329;101256;1325.4;5;9985883904;S
20240329;101256;1325.4;59;9985883905;S
20240329;101256;1325.6;6;9985883915;B
20240329;101256;1325.6;20;9985883936;B
20240329;101257;1325.4;1;9985884056;S
20240329;101257;1325.4;49;9985884057;S
20240329;101257;1325.6;1;9985884115;B
20240329;101258;1325.8;10;9985884134;B
20240329;101258;1325.6;20;9985884285;S
20240329;101258;1326;1;9985884300;B
20240329;101259;1326;2;9985884359;B
20240329;101259;1325.8;100;9985884394;B
20240329;101259;1325.8;173;9985884395;B
20240329;101259;1325.8;10;9985884396;B
20240329;101259;1326;217;9985884397;B
20240329;101300;1326;1;9985884457;B
20240329;101300;1325.8;1;9985884498;B
20240329;101301;1325.6;73;9985884521;S
20240329;101301;1325.8;4;9985884522;B
20240329;101301;1326;7;9985884523;B
20240329;101301;1326;4;9985884604;B
20240329;101301;1326;1;9985884642;B
20240329;101301;1326;20;9985884653;B
20240329;101302;1326;8;9985884727;B
20240329;101302;1326;4;9985884728;B
20240329;101302;1326;2;9985884758;B
20240329;101302;1326;686;9985884789;B
20240329;101302;1326;200;9985884790;B
20240329;101302;1326;1;9985884791;B
20240329;101302;1326;11;9985884792;B
20240329;101302;1326;50;9985884793;B
20240329;101302;1326;10;9985884794;B
20240329;101302;1326;42;9985884795;B
20240329;101302;1326;3;9985884800;B
20240329;101302;1326.2;20;9985884803;B
20240329;101302;1326.2;30;9985884804;B
20240329;101302;1326.2;15;9985884839;B
20240329;101302;1326;1;9985884841;S
20240329;101302;1326.2;4;9985884855;B
20240329;101303;1325.8;1;9985884873;S
20240329;101303;1325.8;49;9985884874;S
20240329;101303;1326;2;9985884895;B
20240329;101303;1326.2;51;9985884934;B
20240329;101303;1326.2;49;9985884935;B
20240329;101303;1326.2;1;9985884962;B
20240329;101303;1326.2;30;9985884963;B
20240329;101304;1326.2;30;9985884979;B
20240329;101304;1326.2;4;9985885020;B
20240329;101304;1326;1;9985885028;S
20240329;101304;1326.2;5;9985885035;B
20240329;101304;1326.2;1;9985885098;B
20240329;101304;1326.2;11;9985885137;B
20240329;101305;1326.2;11;9985885177;B
20240329;101305;1326;1;9985885211;S
20240329;101305;1326;10;9985885212;S
20240329;101305;1326;55;9985885213;S
20240329;101305;1326;6;9985885214;S
20240329;101305;1326;28;9985885215;S
20240329;101305;1326.2;25;9985885228;B
20240329;101305;1326.2;5;9985885229;B
20240329;101305;1326.2;1;9985885269;B
20240329;101306;1326.2;10;9985885310;B
20240329;101306;1326.2;117;9985885432;B
20240329;101306;1326.2;1;9985885433;B
20240329;101306;1326.2;10;9985885434;B
20240329;101306;1326.4;1;9985885435;B
20240329;101306;1326.4;1;9985885436;B
20240329;101306;1326.4;25;9985885437;B
20240329;101306;1326.4;1;9985885438;B
20240329;101306;1326.4;55;9985885439;B
20240329;101306;1326.4;50;9985885440;B
20240329;101306;1326.6;14;9985885441;B
20240329;101306;1326.6;1;9985885442;B
20240329;101306;1326.6;1;9985885443;B
20240329;101306;1326.6;223;9985885444;B
20240329;101306;1326.2;2;9985885450;S
20240329;101306;1326.2;1;9985885466;S
20240329;101306;1326.2;10;9985885471;S
20240329;101307;1326.6;5;9985885498;B
20240329;101307;1326.6;10;9985885514;B
20240329;101307;1326.6;6;9985885530;B
20240329;101307;1326.6;206;9985885541;B
20240329;101307;1326.6;5;9985885542;B
20240329;101307;1326.6;1;9985885543;B
20240329;101307;1326.6;10;9985885544;B
20240329;101307;1326.6;1;9985885545;B
20240329;101307;1326.8;2;9985885546;B
20240329;101307;1326.8;5;9985885547;B
20240329;101307;1326.8;5;9985885548;B
20240329;101307;1326.8;1;9985885549;B
20240329;101307;1326.8;20;9985885550;B
20240329;101307;1326.8;140;9985885551;B
20240329;101307;1326.8;69;9985885552;B
20240329;101307;1326.8;450;9985885553;B
20240329;101307;1326.8;4;9985885554;B
20240329;101307;1326.8;246;9985885555;B
20240329;101307;1327;1;9985885556;B
20240329;101307;1327;24;9985885557;B
20240329;101307;1327;9;9985885558;B
20240329;101307;1327;5;9985885559;B
20240329;101307;1327;25;9985885560;B
20240329;101307;1327;171;9985885561;B
20240329;101307;1326.4;12;9985885562;S
20240329;101307;1326.2;215;9985885563;S
20240329;101307;1326.2;60;9985885564;S
20240329;101307;1326.2;13;9985885565;S
20240329;101307;1326.6;100;9985885566;S
20240329;101307;1326.6;228;9985885570;S
20240329;101307;1326.4;2;9985885581;S
20240329;101307;1326.2;8;9985885606;S
20240329;101308;1326.4;5;9985885643;B
20240329;101308;1326.2;3;9985885650;S
20240329;101308;1326.2;2;9985885655;S
20240329;101308;1326.4;223;9985885657;B
20240329;101308;1326.6;222;9985885658;B
20240329;101308;1326.6;55;9985885659;B
20240329;101308;1326.6;1;9985885672;B
20240329;101308;1326.6;28;9985885687;B
20240329;101308;1326.6;1;9985885704;B
20240329;101309;1326.2;47;9985885713;S
20240329;101309;1326.2;2;9985885714;S
20240329;101309;1326.2;22;9985885715;S
20240329;101309;1326.2;1;9985885716;S
20240329;101309;1326.2;128;9985885717;S
20240329;101309;1326.6;11;9985885739;B
20240329;101309;1326.6;4;9985885743;B
20240329;101309;1326.6;20;9985885775;B
20240329;101309;1326.6;139;9985885782;B
20240329;101310;1326.6;4;9985885846;B
20240329;101310;1326.6;13;9985885847;B
20240329;101310;1326.8;10;9985885866;B
20240329;101310;1326.8;100;9985885877;B
20240329;101310;1326.4;100;9985885879;S
20240329;101310;1326.4;8;9985885883;S
20240329;101311;1326.6;10;9985885943;B
20240329;101311;1326.6;56;9985885944;B
20240329;101311;1326.6;14;9985885945;B
20240329;101311;1326.6;122;9985885958;B
20240329;101311;1326.8;3;9985885959;B
20240329;101311;1326.8;22;9985885960;B
20240329;101311;1326.8;3;9985885961;B
20240329;101311;1326.4;3;9985885973;S
20240329;101312;1326.4;1;9985885993;S
20240329;101312;1326.4;1;9985886037;S
20240329;101312;1326.8;104;9985886058;B
20240329;101312;1326.8;396;9985886059;B
20240329;101313;1326.8;54;9985886108;B
20240329;101313;1326.8;1;9985886109;B
20240329;101313;1326.8;65;9985886110;B
20240329;101313;1326.6;1;9985886137;S
20240329;101313;1326.6;100;9985886164;B
20240329;101314;1326.6;10;9985886252;B
20240329;101314;1326.6;9;9985886296;B
20240329;101314;1326.6;31;9985886332;B
20240329;101314;1326.8;35;9985886333;B
20240329;101314;1326.8;100;9985886334;B
20240329;101314;1326.8;22;9985886335;B
20240329;101314;1326.8;5;9985886336;B
20240329;101314;1326.8;1;9985886337;B
20240329;101314;1326.8;10;9985886338;B
20240329;101314;1327;266;9985886339;B
20240329;101314;1327;5;9985886340;B
20240329;101315;1327;30;9985886383;B
20240329;101316;1326.8;1;9985886475;B
20240329;101316;1326.8;9;9985886514;B
20240329;101316;1326.8;40;9985886527;B
20240329;101316;1327;10;9985886528;B
20240329;101316;1327;1;9985886538;B
20240329;101316;1327;7;9985886546;B
20240329;101316;1327;10;9985886550;B
20240329;101316;1327;5;9985886551;B
20240329;101316;1327;5;9985886552;B
20240329;101316;1327;1;9985886553;B
20240329;101317;1327;1;9985886589;B
20240329;101317;1327;276;9985886593;B
20240329;101317;1327;146;9985886681;B
20240329;101318;1326.8;1;9985886811;S
20240329;101318;1327;100;9985886816;B
20240329;101318;1327;2;9985886828;B
20240329;101318;1326.8;1;9985886851;S
20240329;101318;1326.6;39;9985886852;S
20240329;101318;1327;2;9985886857;B
20240329;101319;1326.8;10;9985886956;B
20240329;101319;1327;33;9985886957;B
20240329;101319;1327;78;9985886982;B
20240329;101319;1327;5;9985886990;B
20240329;101319;1327;1;9985886991;B
20240329;101320;1327;5;9985887005;B
20240329;101320;1327;100;9985887011;B
20240329;101320;1327;245;9985887069;B
20240329;101320;1327;1;9985887070;B
20240329;101320;1327;1;9985887071;B
20240329;101320;1327;3;9985887072;B
20240329;101320;1326.6;1;9985887169;S
20240329;101320;1326.8;1;9985887173;B
20240329;101321;1326.6;14;9985887237;S
20240329;101322;1327;7;9985887399;B
20240329;101322;1327;30;9985887400;B
20240329;101322;1327;1;9985887401;B
20240329;101322;1327;3;9985887402;B
20240329;101322;1326.6;1;9985887446;S
20240329;101324;1327;1;9985887765;B
20240329;101324;1327;10;9985887768;B
20240329;101324;1326.6;15;9985887787;S
20240329;101325;1326.6;100;9985887811;S
20240329;101325;1326.8;228;9985887812;S
20240329;101325;1326.6;7;9985887828;S
20240329;101325;1326.6;7;9985887836;S
20240329;101325;1326.8;4;9985887862;B
20240329;101326;1326.8;6;9985887866;B
20240329;101326;1326.8;62;9985887925;B
20240329;101326;1326.8;50;9985887926;B
20240329;101326;1326.8;228;9985887927;B
20240329;101326;1327;53;9985887928;B
20240329;101326;1327;1;9985887993;B
20240329;101326;1327;100;9985888005;B
20240329;101327;1326.6;12;9985888017;S
20240329;101327;1326.6;3;9985888018;S
20240329;101327;1326.6;10;9985888019;S
20240329;101327;1326.4;26;9985888020;S
20240329;101327;1327;753;9985888028;B
20240329;101327;1326.6;22;9985888033;S
20240329;101327;1326.6;8;9985888040;S
20240329;101327;1326.6;2;9985888047;S
20240329;101327;1326.8;3;9985888049;B
20240329;101327;1326.8;7;9985888051;B
20240329;101327;1327;48;9985888052;B
20240329;101327;1327;6;9985888055;B
20240329;101327;1327;585;9985888065;B
20240329;101327;1327;1;9985888066;B
20240329;101327;1327;100;9985888067;B
20240329;101327;1327;12;9985888068;B
20240329;101327;1327;1;9985888069;B
20240329;101327;1327;84;9985888070;B
20240329;101327;1327;3;9985888071;B
20240329;101327;1327;1;9985888072;B
20240329;101327;1327;150;9985888073;B
20240329;101327;1327;6;9985888074;B
20240329;101327;1327;1;9985888075;B
20240329;101327;1327;1;9985888076;B
20240329;101327;1327;50;9985888077;B
20240329;101327;1327;10;9985888078;B
20240329;101327;1327;1;9985888079;B
20240329;101327;1327;1000;9985888080;B
20240329;101327;1327.2;1;9985888081;B
20240329;101327;1327.2;100;9985888082;B
20240329;101327;1327.4;25;9985888083;B
20240329;101327;1327.4;1;9985888084;B
20240329;101327;1327.4;1;9985888085;B
20240329;101327;1327.6;1;9985888086;B
20240329;101327;1327.6;60;9985888087;B
20240329;101327;1327.6;1;9985888088;B
20240329;101327;1327.6;2;9985888089;B
20240329;101327;1327.6;379;9985888090;B
20240329;101327;1327.8;20;9985888091;B
20240329;101327;1327.8;70;9985888092;B
20240329;101327;1327.8;1;9985888093;B
20240329;101327;1327.8;32;9985888094;B
20240329;101327;1328;1;9985888129;B
20240329;101328;1328;1;9985888152;B
20240329;101328;1328;1;9985888153;B
20240329;101328;1328;1;9985888154;B
20240329;101328;1328;7;9985888155;B
20240329;101328;1327.4;1;9985888177;S
20240329;101328;1327.8;4;9985888186;B
20240329;101328;1327.8;150;9985888192;B
20240329;101328;1327.6;10;9985888197;B
20240329;101328;1327.4;2;9985888202;S
20240329;101329;1327.4;10;9985888246;S
20240329;101329;1327.2;6;9985888257;S
20240329;101329;1327.2;4;9985888258;S
20240329;101329;1327.2;3;9985888335;S
20240329;101330;1327.2;25;9985888340;S
20240329;101330;1327.2;2;9985888350;S
20240329;101330;1327.6;214;9985888384;B
20240329;101330;1327.6;62;9985888385;B
20240329;101330;1327.8;224;9985888386;B
20240329;101330;1327.8;20;9985888428;B
20240329;101330;1327.8;6;9985888476;B
20240329;101331;1327.8;900;9985888523;B
20240329;101331;1327.8;39;9985888539;B
20240329;101331;1327.8;57;9985888565;B
20240329;101331;1327.8;7;9985888566;B
20240329;101331;1327.8;10;9985888567;B
20240329;101331;1328;13;9985888568;B
20240329;101331;1328;200;9985888569;B
20240329;101331;1328;13;9985888570;B
20240329;101332;1328;138;9985888601;B
20240329;101332;1328;1;9985888602;B
20240329;101332;1328;1;9985888603;B
20240329;101332;1328;1;9985888604;B
20240329;101332;1328;10;9985888605;B
20240329;101332;1328;1;9985888606;B
20240329;101332;1328;1;9985888607;B
20240329;101332;1328;1;9985888608;B
20240329;101332;1328;2;9985888609;B
20240329;101332;1328;2;9985888610;B
20240329;101332;1328;360;9985888611;B
20240329;101332;1328;1;9985888612;B
20240329;101332;1328;50;9985888613;B
20240329;101332;1328.2;20;9985888614;B
20240329;101332;1328.2;100;9985888615;B
20240329;101332;1328.2;62;9985888616;B
20240329;101332;1328.4;3;9985888617;B
20240329;101332;1328.4;100;9985888618;B
20240329;101332;1328.4;3;9985888619;B
20240329;101332;1328.4;10;9985888620;B
20240329;101332;1328.4;1;9985888621;B
20240329;101332;1328.4;132;9985888622;B
20240329;101332;1327.8;100;9985888624;S
20240329;101332;1327.8;128;9985888628;S
20240329;101332;1327.8;62;9985888629;S
20240329;101332;1327.6;10;9985888630;S
20240329;101332;1327.6;2;9985888631;S
20240329;101332;1327.6;98;9985888632;S
20240329;101332;1327.6;1;9985888642;S
20240329;101332;1328.4;1;9985888643;B
20240329;101332;1328.4;10;9985888644;B
20240329;101332;1328.4;2;9985888665;B
20240329;101332;1328.4;5;9985888666;B
20240329;101332;1328.6;50;9985888667;B
20240329;101332;1328.6;1;9985888668;B
20240329;101332;1328.6;20;9985888669;B
20240329;101332;1328.6;5;9985888670;B
20240329;101332;1328.6;147;9985888671;B
20240329;101332;1328.8;10;9985888672;B
20240329;101332;1328.8;1;9985888673;B
20240329;101332;1328.8;1;9985888674;B
20240329;101332;1328.8;50;9985888675;B
20240329;101332;1328.8;50;9985888676;B
20240329;101332;1328.8;58;9985888677;B
20240329;101332;1328.6;1;9985888686;B
20240329;101332;1328;2;9985888689;S
20240329;101332;1327.6;30;9985888694;S
20240329;101332;1327.6;6;9985888696;S
20240329;101332;1327.6;12;9985888697;S
20240329;101332;1327.6;62;9985888698;S
20240329;101332;1327.4;98;9985888699;S
20240329;101332;1328.2;2;9985888702;B
20240329;101332;1328.2;12;9985888703;B
20240329;101332;1328.4;6;9985888704;B
20240329;101333;1327.6;12;9985888810;S
20240329;101333;1327.4;8;9985888811;S
20240329;101335;1328;12;9985889025;B
20240329;101335;1328;60;9985889026;B
20240329;101335;1328.2;228;9985889027;B
20240329;101335;1328.2;8;9985889028;B
20240329;101335;1328.2;135;9985889029;B
20240329;101335;1328.4;57;9985889030;B
20240329;101335;1328.4;30;9985889062;B
20240329;101335;1328.4;22;9985889068;B
20240329;101336;1328;13;9985889183;B
20240329;101336;1327.6;100;9985889195;S
20240329;101336;1327.6;3;9985889235;S
20240329;101337;1328;1;9985889280;B
20240329;101338;1328;8;9985889319;B
20240329;101338;1328;1;9985889320;B
20240329;101338;1328;5;9985889321;B
20240329;101338;1328;2;9985889322;B
20240329;101338;1328.2;103;9985889323;B
20240329;101338;1328.2;59;9985889324;B
20240329;101338;1328.2;22;9985889325;B
20240329;101338;1328.4;23;9985889326;B
20240329;101338;1328.4;68;9985889361;B
20240329;101338;1328.4;16;9985889362;B
20240329;101338;1328.4;10;9985889363;B
20240329;101338;1328.4;50;9985889364;B
20240329;101338;1328.4;97;9985889365;B
20240329;101339;1328.4;2;9985889418;B
20240329;101339;1328.4;1;9985889443;B
20240329;101340;1328;1;9985889507;S
20240329;101340;1328.4;5;9985889517;B
20240329;101340;1328.4;2;9985889529;B
20240329;101340;1328.4;5;9985889568;B
20240329;101340;1328.4;3;9985889598;B
20240329;101341;1328;20;9985889602;S
20240329;101341;1328;2;9985889608;B
20240329;101341;1327.8;1;9985889619;S
20240329;101341;1327.8;19;9985889620;S
20240329;101341;1328;58;9985889634;B
20240329;101341;1328.4;35;9985889638;B
20240329;101341;1328.4;25;9985889639;B
20240329;101341;1328.4;58;9985889640;B
20240329;101341;1328.6;7;9985889641;B
20240329;101341;1328.6;50;9985889642;B
20240329;101341;1328.6;71;9985889643;B
20240329;101341;1328.8;142;9985889644;B
20240329;101341;1328.8;89;9985889645;B
20240329;101341;1328.8;50;9985889646;B
20240329;101341;1328.8;1;9985889647;B
20240329;101341;1328.8;10;9985889648;B
20240329;101341;1328.8;22;9985889649;B
20240329;101341;1328.8;135;9985889650;B
20240329;101341;1329;1;9985889651;B
20240329;101341;1329;1;9985889652;B
20240329;101341;1329;5;9985889653;B
20240329;101341;1329;298;9985889654;B
20240329;101341;1329;1;9985889662;B
20240329;101341;1328.4;5;9985889706;S
20240329;101341;1328.4;5;9985889707;S
20240329;101341;1328.4;2;9985889727;S
20240329;101342;1328;1;9985889752;S
20240329;101342;1328;28;9985889762;S
20240329;101342;1328.4;68;9985889766;B
20240329;101342;1328.4;10;9985889767;B
20240329;101342;1328.6;22;9985889768;B
20240329;101342;1328.2;1;9985889807;S
20240329;101342;1328.8;8;9985889822;B
20240329;101343;1328.8;2;9985889931;B
20240329;101343;1328.8;8;9985889932;B
20240329;101343;1328.2;11;9985889947;S
20240329;101343;1328.2;9;9985889948;S
20240329;101343;1328.4;3;9985890039;S
20240329;101344;1328.8;2;9985890064;B
20240329;101344;1328.8;2;9985890084;B
20240329;101344;1328.8;2;9985890102;B
20240329;101347;1328.4;5;9985890400;S
20240329;101347;1328.2;3;9985890468;S
20240329;101348;1328.6;2;9985890475;B
20240329;101348;1328.6;3;9985890476;B
20240329;101348;1328.8;9;9985890490;B
20240329;101348;1328.2;7;9985890525;S
20240329;101348;1328.2;43;9985890526;S
20240329;101348;1328.4;1;9985890527;B
20240329;101348;1328.6;8;9985890528;B
20240329;101348;1328.6;31;9985890529;B
20240329;101348;1328.8;60;9985890530;B
20240329;101350;1328.2;25;9985890715;S
20240329;101351;1328.6;10;9985890854;B
20240329;101351;1328.6;16;9985890855;B
20240329;101351;1328.6;4;9985890856;B
20240329;101351;1328.2;10;9985890906;S
20240329;101352;1328.6;22;9985890926;B
20240329;101352;1328.6;2;9985890927;B
20240329;101352;1328.6;31;9985890928;B
20240329;101352;1328.8;45;9985890929;B
20240329;101352;1328.4;40;9985890937;S
20240329;101352;1328.4;20;9985890967;S
20240329;101352;1328.4;10;9985891023;S
20240329;101353;1328.6;20;9985891104;B
20240329;101353;1328.6;5;9985891140;B
20240329;101353;1328.2;76;9985891210;S
20240329;101353;1328.2;79;9985891218;S
20240329;101353;1328.2;56;9985891219;S
20240329;101353;1328.2;77;9985891220;S
20240329;101354;1328.4;33;9985891270;B
20240329;101354;1328.4;10;9985891271;B
20240329;101354;1328.6;17;9985891272;B
20240329;101354;1328.6;8;9985891313;B
20240329;101354;1328.6;5;9985891370;B
20240329;101356;1328.6;10;9985891639;S
20240329;101356;1328.6;4;9985891678;B
20240329;101356;1328.6;20;9985891680;B
20240329;101357;1328.4;2;9985891690;S
20240329;101357;1328.4;20;9985891691;S
20240329;101357;1328.4;29;9985891692;S
20240329;101357;1328.2;66;9985891696;S
20240329;101357;1328.2;1;9985891711;S
20240329;101357;1328.6;3;9985891800;B
20240329;101357;1328.6;1;9985891826;B
20240329;101358;1328.6;19;9985891924;B
20240329;101358;1328.2;50;9985891929;S
20240329;101359;1328.6;55;9985892070;B
20240329;101359;1328.6;24;9985892071;B
20240329;101359;1328.6;182;9985892072;B
20240329;101359;1328.6;5;9985892073;B
20240329;101359;1328.6;2;9985892074;B
20240329;101359;1328.8;3;9985892075;B
20240329;101359;1328.8;22;9985892076;B
20240329;101359;1328.8;1;9985892077;B
20240329;101359;1328.8;5;9985892078;B
20240329;101359;1328.8;1;9985892079;B
20240329;101359;1328.6;1;9985892087;B
20240329;101400;1328.2;20;9985892209;S
20240329;101401;1328.6;10;9985892358;B
20240329;101401;1328.6;10;9985892359;B
20240329;101402;1328.2;1;9985892410;S
20240329;101402;1328.4;1;9985892466;S
20240329;101402;1328.2;1;9985892485;S
20240329;101403;1328.4;2;9985892556;B
20240329;101403;1328.2;1;9985892557;S
20240329;101403;1328.4;2;9985892562;B
20240329;101403;1328.2;2;9985892571;S
20240329;101403;1328.2;6;9985892572;S
20240329;101403;1328.4;20;9985892666;B
20240329;101404;1328.4;7;9985892721;B
20240329;101404;1328.4;68;9985892724;B
20240329;101404;1328.4;56;9985892725;B
20240329;101404;1328.4;5;9985892726;B
20240329;101404;1328.6;21;9985892727;B
20240329;101404;1328.2;1;9985892736;S
20240329;101406;1328.4;1;9985892956;B
20240329;101406;1328.4;1;9985892958;B
20240329;101406;1328.4;2;9985892959;B
20240329;101406;1328.4;5;9985892986;B
20240329;101407;1328.4;50;9985893038;B
20240329;101407;1328.4;50;9985893039;B
20240329;101407;1328.4;2;9985893041;B
20240329;101407;1328.4;29;9985893042;B
20240329;101407;1328.6;69;9985893043;B
20240329;101407;1328.6;31;9985893057;B
20240329;101407;1328.6;69;9985893058;B
20240329;101407;1328.6;1;9985893059;B
20240329;101407;1328.2;22;9985893061;S
20240329;101407;1328.2;8;9985893074;S
20240329;101407;1328.2;1;9985893075;S
20240329;101407;1328.2;20;9985893092;B
20240329;101407;1328.2;4;9985893128;B
20240329;101407;1328.2;16;9985893129;B
20240329;101407;1328.2;39;9985893138;B
20240329;101407;1328.2;2;9985893139;B
20240329;101407;1328.4;50;9985893140;B
20240329;101407;1328.6;130;9985893141;B
20240329;101407;1328.6;50;9985893142;B
20240329;101407;1328.6;12;9985893143;B
20240329;101407;1328.6;14;9985893144;B
20240329;101407;1328.6;56;9985893145;B
20240329;101407;1328.6;1;9985893147;S
20240329;101407;1328.8;49;9985893153;B
20240329;101407;1328.8;1;9985893154;B
20240329;101407;1328.8;8;9985893155;B
20240329;101408;1328.8;1;9985893173;B
20240329;101408;1328.8;1;9985893192;B
20240329;101408;1328.6;2;9985893200;S
20240329;101408;1328.8;80;9985893222;B
20240329;101408;1328.8;20;9985893227;B
20240329;101408;1328.8;150;9985893228;B
20240329;101409;1328.8;4;9985893285;B
20240329;101409;1328.8;5;9985893294;B
20240329;101409;1328.6;1;9985893345;S
20240329;101410;1328.6;22;9985893396;S
20240329;101410;1328.8;1;9985893403;B
20240329;101410;1328.8;5;9985893452;B
20240329;101410;1328.6;5;9985893502;S
20240329;101410;1328.8;1;9985893508;B
20240329;101411;1328.6;100;9985893524;S
20240329;101411;1328.6;1;9985893536;S
20240329;101411;1328.6;10;9985893569;S
20240329;101411;1328.6;5;9985893577;S
20240329;101411;1328.6;3;9985893578;S
20240329;101412;1328.6;29;9985893604;B
20240329;101412;1328.6;10;9985893605;B
20240329;101412;1328.6;5;9985893676;B
20240329;101413;1328.6;2;9985893702;B
20240329;101413;1328.6;1;9985893703;B
20240329;101413;1328.4;2;9985893742;S
20240329;101413;1328.4;1;9985893768;B
20240329;101413;1328.4;4;9985893782;B
20240329;101413;1328.4;4;9985893811;B
20240329;101414;1328.4;12;9985893815;B
20240329;101414;1328.4;6;9985893823;B
20240329;101414;1328.4;2;9985893856;B
20240329;101414;1328.4;10;9985893857;B
20240329;101414;1328.4;1;9985893905;B
20240329;101414;1328.4;9;9985893937;B
20240329;101414;1328.2;10;9985893944;S
20240329;101415;1328.2;2;9985893979;B
20240329;101415;1328;1;9985893992;S
20240329;101416;1328.2;8;9985894057;B
20240329;101416;1328.2;2;9985894061;B
20240329;101416;1328.2;1;9985894062;B
20240329;101416;1328.4;1;9985894112;B
20240329;101416;1328.4;1;9985894113;B
20240329;101416;1328.4;6;9985894114;B
20240329;101416;1328.2;1;9985894117;S
20240329;101417;1328.2;50;9985894299;S
20240329;101417;1328.4;1;9985894351;B
20240329;101417;1328.4;1;9985894352;B
20240329;101417;1328.2;1;9985894372;S
20240329;101418;1328.4;2;9985894404;B
20240329;101418;1328.2;43;9985894433;S
20240329;101418;1328.4;6;9985894443;B
20240329;101419;1328.4;1;9985894506;B
20240329;101419;1328.4;4;9985894507;B
20240329;101419;1328.6;9;9985894508;B
20240329;101419;1328.6;33;9985894509;B
20240329;101419;1328.4;2;9985894619;B
20240329;101419;1328.6;17;9985894623;B
20240329;101419;1328.6;6;9985894624;B
20240329;101419;1328.6;150;9985894625;B
20240329;101419;1328.6;10;9985894626;B
20240329;101419;1328.6;7;9985894627;B
20240329;101419;1328.4;5;9985894649;S
20240329;101419;1328.6;5;9985894653;B
20240329;101420;1328.4;6;9985894674;S
20240329;101420;1328.2;10;9985894675;S
20240329;101420;1328.2;56;9985894676;S
20240329;101420;1328.2;28;9985894677;S
20240329;101420;1328.6;50;9985894683;B
20240329;101420;1328.6;75;9985894687;B
20240329;101420;1328.4;1;9985894736;B
20240329;101422;1328;112;9985895224;S
20240329;101422;1328;20;9985895225;S
20240329;101422;1328;4;9985895226;S
20240329;101422;1328;10;9985895227;S
20240329;101422;1328;298;9985895228;S
20240329;101422;1328.2;33;9985895234;B
20240329;101422;1328.2;17;9985895235;B
20240329;101423;1328;1;9985895266;S
20240329;101423;1328;150;9985895326;S
20240329;101423;1328.4;49;9985895346;B
20240329;101423;1328.4;1;9985895347;B
20240329;101424;1328.2;1;9985895374;B
20240329;101424;1328.2;2;9985895389;S
20240329;101424;1328.2;22;9985895433;S
20240329;101424;1328.2;10;9985895445;S
20240329;101424;1328.4;3;9985895450;B
20240329;101425;1328.4;1;9985895461;B
20240329;101425;1328.4;1;9985895481;B
20240329;101425;1328.4;40;9985895482;B
20240329;101425;1328.4;33;9985895483;B
20240329;101426;1328.4;1;9985895609;B
20240329;101426;1328.6;1;9985895610;B
20240329;101426;1328.2;15;9985895613;S
20240329;101426;1328.2;23;9985895614;S
20240329;101427;1328.2;7;9985895707;S
20240329;101427;1328.2;50;9985895711;S
20240329;101427;1328.4;1;9985895733;S
20240329;101427;1328.6;2;9985895755;B
20240329;101427;1328.4;5;9985895810;S
20240329;101429;1328.4;3;9985895943;S
20240329;101429;1328.4;1;9985895944;S
20240329;101430;1328.2;1;9985896034;B
20240329;101430;1328.4;69;9985896035;B
20240329;101430;1328.4;2;9985896050;B
20240329;101430;1328.4;61;9985896051;B
20240329;101430;1328.6;127;9985896052;B
20240329;101430;1328.6;4;9985896055;B
20240329;101430;1328.4;20;9985896069;B
20240329;101430;1328.4;5;9985896104;B
20240329;101431;1328.4;5;9985896153;B
20240329;101431;1328.4;2;9985896154;B
20240329;101431;1328;60;9985896184;S
20240329;101431;1328;3;9985896185;S
20240329;101432;1328.4;80;9985896237;B
20240329;101433;1328.2;2;9985896440;S
20240329;101433;1328.4;1;9985896463;B
20240329;101434;1328.4;30;9985896510;B
20240329;101434;1328.4;2;9985896512;B
20240329;101434;1328.2;56;9985896539;S
20240329;101434;1328.4;1;9985896555;B
20240329;101435;1328.4;1;9985896699;B
20240329;101435;1328.4;3;9985896766;B
20240329;101436;1328.4;1;9985896882;B
20240329;101436;1328.4;38;9985896900;B
20240329;101436;1328.4;35;9985896902;B
20240329;101437;1328.4;1;9985896979;B
20240329;101437;1328.2;2;9985897049;S
20240329;101438;1328.4;29;9985897057;B
20240329;101438;1328.4;20;9985897075;B
20240329;101438;1328.4;5;9985897086;B
20240329;101438;1328.4;10;9985897119;B
20240329;101438;1328.2;444;9985897122;S
20240329;101438;1328.4;2;9985897136;B
20240329;101439;1328.4;5;9985897196;B
20240329;101439;1328.4;45;9985897197;B
20240329;101439;1328.2;1;9985897228;S
20240329;101439;1328.4;1;9985897241;B
20240329;101439;1328.2;23;9985897243;S
20240329;101440;1328.4;60;9985897315;B
20240329;101441;1328.2;2;9985897378;S
20240329;101441;1328.2;5;9985897382;S
20240329;101441;1328.2;467;9985897399;S
20240329;101441;1328.2;7;9985897400;B
20240329;101441;1328.2;1;9985897427;B
20240329;101441;1328;229;9985897428;S
20240329;101442;1328.2;3;9985897464;B
20240329;101442;1328.2;5;9985897466;B
20240329;101442;1328.2;2;9985897523;B
20240329;101442;1328;20;9985897530;S
20240329;101442;1328.2;13;9985897546;B
20240329;101443;1328.2;2;9985897593;B
20240329;101443;1328.2;8;9985897594;B
20240329;101443;1328.2;5;9985897623;B
20240329;101443;1328.2;3;9985897624;B
20240329;101443;1328;240;9985897635;S
20240329;101443;1328;40;9985897672;S
20240329;101443;1328;7;9985897673;S
20240329;101443;1328;3;9985897674;S
20240329;101443;1328.2;2;9985897675;B
20240329;101443;1328;247;9985897678;S
20240329;101443;1328;186;9985897679;S
20240329;101443;1328;67;9985897680;S
20240329;101443;1328;1;9985897681;S
20240329;101444;1328.2;3;9985897793;B
20240329;101444;1328;332;9985897828;S
20240329;101444;1328;25;9985897829;S
20240329;101444;1328;3;9985897830;S
20240329;101444;1328;2;9985897831;S
20240329;101444;1328;8;9985897832;S
20240329;101444;1328;20;9985897833;S
20240329;101444;1328;48;9985897834;S
20240329;101444;1328;30;9985897835;S
20240329;101444;1328;32;9985897836;S
20240329;101445;1328;1;9985897888;S
20240329;101445;1328.2;1;9985897904;B
20240329;101446;1328;24;9985898037;S
20240329;101446;1328;10;9985898038;S
20240329;101446;1328;1;9985898039;S
20240329;101446;1327.8;1;9985898040;S
20240329;101446;1327.8;75;9985898041;S
20240329;101446;1327.8;63;9985898042;S
20240329;101446;1327.8;211;9985898043;S
20240329;101446;1327.6;1;9985898044;S
20240329;101446;1327.6;5;9985898045;S
20240329;101446;1327.6;135;9985898046;S
20240329;101446;1327.6;6;9985898047;S
20240329;101446;1327.4;1;9985898048;S
20240329;101446;1327.4;467;9985898049;S
20240329;101446;1328;11;9985898082;B
20240329;101446;1328;39;9985898083;B
20240329;101447;1328.2;6;9985898144;B
20240329;101447;1328.2;2;9985898145;B
20240329;101447;1328.2;2;9985898146;B
20240329;101448;1327.4;44;9985898296;S
20240329;101448;1327.4;12;9985898297;S
20240329;101448;1327.4;5;9985898298;S
20240329;101450;1327.4;10;9985898501;B
20240329;101450;1327.4;2;9985898550;B
