<DATE>;<TIME>;<LAST>;<VOL>;<ID>;<OPER>
20240425;095944;1251;2;10207350993;S
20240425;095944;1251;2;10207350994;S
20240425;095944;1251;6;10207350995;S
20240425;095944;1251;2;10207350996;B
20240425;095944;1251;1;10207350997;B
20240425;095944;1251;7;10207350998;S
20240425;095944;1251;13;10207350999;S
20240425;095944;1251;3;10207351000;S
20240425;095944;1251;1;10207351001;B
20240425;095944;1251;3;10207351002;B
20240425;095944;1251;2;10207351003;B
20240425;095944;1251;10;10207351004;B
20240425;095944;1251;3;10207351005;B
20240425;095944;1251;11;10207351006;B
20240425;095944;1251;1;10207351007;B
20240425;095944;1251;1;10207351008;B
20240425;095944;1251;2;10207351009;B
20240425;095944;1251;3;10207351010;B
20240425;095944;1251;1;10207351011;B
20240425;095944;1251;1;10207351012;B
20240425;095944;1251;7;10207351013;B
20240425;095944;1251;1;10207351014;B
20240425;095944;1251;1;10207351015;B
20240425;095944;1251;39;10207351016;B
20240425;095944;1251;1;10207351017;B
20240425;095944;1251;4;10207351018;S
20240425;095944;1251;1;10207351019;S
20240425;095944;1251;1;10207351020;S
20240425;095944;1251;10;10207351021;S
20240425;095944;1251;10;10207351022;S
20240425;095944;1251;2;10207351023;S
20240425;095944;1251;1;10207351024;S
20240425;095944;1251;1;10207351025;S
20240425;095944;1251;1;10207351026;S
20240425;095944;1251;11;10207351027;S
20240425;095944;1251;1;10207351028;S
20240425;095944;1251;16;10207351029;S
20240425;095944;1251;1;10207351030;S
20240425;095944;1251;1;10207351031;B
20240425;095944;1251;1;10207351032;B
20240425;095944;1251;1;10207351033;S
20240425;095944;1251;2;10207351034;S
20240425;095944;1251;2;10207351035;S
20240425;095944;1251;4;10207351036;S
20240425;095944;1251;1;10207351037;S
20240425;095944;1251;1;10207351038;S
20240425;095944;1251;1;10207351039;S
20240425;095944;1251;2;10207351040;S
20240425;095944;1251;47;10207351041;S
20240425;095944;1251;39;10207351042;S
20240425;095944;1251;7;10207351043;S
20240425;095944;1251;1;10207351044;S
20240425;095944;1251;10;10207351045;S
20240425;095944;1251;8;10207351046;S
20240425;095944;1251;30;10207351047;S
20240425;095944;1251;100;10207351048;S
20240425;095944;1251;20;10207351049;S
20240425;095944;1251;4;10207351050;S
20240425;095944;1251;1;10207351051;S
20240425;095944;1251;2;10207351052;S
20240425;095944;1251;15;10207351053;S
20240425;095944;1251;1;10207351054;S
20240425;095944;1251;4;10207351055;S
20240425;095944;1251;1;10207351056;S
20240425;095944;1251;1;10207351057;S
20240425;095944;1251;40;10207351058;S
20240425;095944;1251;7;10207351059;S
20240425;095944;1251;8;10207351060;S
20240425;095944;1251;1;10207351061;S
20240425;095944;1251;1;10207351062;S
20240425;095944;1251;1;10207351063;S
20240425;095944;1251;1;10207351064;S
20240425;095944;1251;24;10207351065;S
20240425;095944;1251;3;10207351066;S
20240425;095944;1251;1;10207351067;S
20240425;095944;1251;1;10207351068;S
20240425;095944;1251;1;10207351069;S
20240425;095944;1251;5;10207351070;S
20240425;095944;1251;3;10207351071;S
20240425;095944;1251;2;10207351072;S
20240425;095944;1251;2;10207351073;S
20240425;095944;1251;5;10207351074;S
20240425;095944;1251;2;10207351075;S
20240425;095944;1251;39;10207351076;S
20240425;095944;1251;1274;10207351077;S
20240425;100002;1251.4;1;10207354571;B
20240425;100002;1251.4;30;10207354572;B
20240425;100002;1251.4;4;10207354573;B
20240425;100005;1251.6;1;10207356176;B
20240425;100005;1251.6;1;10207356178;B
20240425;100005;1251.6;1;10207356186;B
20240425;100005;1251.4;10;10207356427;S
20240425;100005;1251.4;16;10207356428;S
20240425;100005;1251.2;34;10207356429;S
20240425;100005;1251.6;4;10207356430;B
20240425;100005;1251.6;2;10207356565;B
20240425;100005;1251.6;18;10207356566;B
20240425;100005;1251.4;63;10207356844;S
20240425;100005;1251.2;37;10207356845;S
20240425;100005;1251.2;36;10207356857;S
20240425;100005;1251.2;1;10207356865;S
20240425;100005;1251.6;1;10207357034;B
20240425;100005;1251.6;1;10207357042;B
20240425;100006;1251.6;1;10207357341;B
20240425;100006;1251.6;7;10207357772;B
20240425;100006;1251.8;52;10207357773;B
20240425;100007;1251.2;1;10207358592;S
20240425;100007;1251.8;5;10207358646;B
20240425;100007;1252;1;10207358648;B
20240425;100007;1252;1;10207358649;B
20240425;100007;1251.4;1;10207358812;S
20240425;100007;1251.4;2;10207359009;S
20240425;100007;1251.8;1;10207359010;B
20240425;100007;1251.8;1;10207359376;B
20240425;100007;1251.4;1;10207359377;S
20240425;100007;1251.4;1;10207359379;S
20240425;100008;1251.8;1;10207360023;B
20240425;100008;1252;1;10207360024;B
20240425;100008;1252;1;10207360572;B
20240425;100009;1252;1;10207360573;B
20240425;100009;1252;1;10207360578;B
20240425;100009;1252;1;10207360711;B
20240425;100009;1252;2;10207360713;B
20240425;100010;1251.8;13;10207361043;S
20240425;100010;1252;14;10207361083;B
20240425;100010;1252.2;2;10207361084;B
20240425;100010;1252.2;8;10207361217;B
20240425;100011;1252.2;8;10207361702;B
20240425;100011;1252.2;3;10207361720;B
20240425;100011;1252;14;10207361772;S
20240425;100012;1252.2;19;10207362037;B
20240425;100012;1252.2;2;10207362038;B
20240425;100012;1252.4;59;10207362039;B
20240425;100013;1252.4;41;10207362261;B
20240425;100013;1252.6;3;10207362262;B
20240425;100013;1252.6;9;10207362263;B
20240425;100013;1252.6;114;10207362264;B
20240425;100013;1252.8;1;10207362265;B
20240425;100013;1252.8;32;10207362266;B
20240425;100014;1253;2;10207362489;B
20240425;100016;1253;1;10207362721;B
20240425;100017;1252.6;22;10207362940;S
20240425;100023;1252.4;5;10207364266;B
20240425;100023;1252.4;1;10207364269;B
20240425;100023;1252.6;40;10207364270;B
20240425;100026;1252;7;10207365197;S
20240425;100026;1252;13;10207365198;S
20240425;100027;1251.8;8;10207365669;S
20240425;100027;1252;2;10207365693;B
20240425;100028;1251.8;12;10207365895;S
20240425;100028;1251.4;79;10207365900;S
20240425;100028;1251.2;79;10207365901;S
20240425;100028;1251.2;4;10207365902;S
20240425;100030;1251.4;5;10207366501;S
20240425;100034;1251.2;30;10207367517;S
20240425;100034;1251.2;3;10207367518;S
20240425;100035;1251;1;10207367749;S
20240425;100035;1251;1;10207367750;S
20240425;100035;1251;2;10207367751;S
20240425;100037;1251;5;10207368618;S
20240425;100037;1251;2;10207368619;S
20240425;100037;1251;1;10207368620;S
20240425;100037;1251;2;10207368621;S
20240425;100037;1251;2;10207368622;S
20240425;100037;1251;12;10207368623;S
20240425;100037;1251;7;10207368624;S
20240425;100037;1251;3;10207368625;S
20240425;100037;1251;55;10207368626;S
20240425;100037;1250.6;13;10207368627;S
20240425;100037;1250.6;143;10207368628;S
20240425;100037;1250.4;144;10207368629;S
20240425;100037;1250.4;71;10207368630;S
20240425;100038;1250.6;50;10207368853;B
20240425;100047;1250.4;8;10207370417;S
20240425;100047;1250.4;57;10207370418;S
20240425;100047;1250.2;10;10207370419;S
20240425;100047;1250.2;25;10207370420;S
20240425;100053;1250.6;20;10207371578;B
20240425;100055;1250.4;7;10207371937;S
20240425;100056;1250.4;10;10207372222;S
20240425;100101;1250;5;10207373157;S
20240425;100101;1250;1;10207373158;S
20240425;100101;1250;1;10207373159;S
20240425;100101;1250;50;10207373160;S
20240425;100101;1250;10;10207373161;S
20240425;100101;1250;1;10207373162;S
20240425;100101;1250;3;10207373163;S
20240425;100101;1250;2;10207373164;S
20240425;100101;1250;400;10207373165;S
20240425;100101;1250;1;10207373166;S
20240425;100101;1250;39;10207373167;S
20240425;100101;1250;1;10207373168;S
20240425;100101;1250;1;10207373169;S
20240425;100101;1250;1;10207373170;S
20240425;100101;1250;1;10207373171;S
20240425;100101;1250;200;10207373172;S
20240425;100101;1250;1;10207373173;S
20240425;100101;1250;5;10207373174;S
20240425;100101;1250;1;10207373175;S
20240425;100101;1250;15;10207373176;S
20240425;100101;1250;61;10207373177;S
20240425;100101;1250;38;10207373178;S
20240425;100101;1250;1;10207373267;S
20240425;100102;1250;40;10207373435;S
20240425;100102;1250;1;10207373436;S
20240425;100102;1250;1;10207373437;S
20240425;100102;1250;4;10207373438;S
20240425;100102;1250;2;10207373439;S
20240425;100102;1250;42;10207373440;S
20240425;100102;1250;1;10207373441;S
20240425;100102;1250;1;10207373442;S
20240425;100102;1250;1;10207373443;S
20240425;100102;1250;1;10207373444;S
20240425;100102;1250;1;10207373445;S
20240425;100102;1250;1;10207373446;S
20240425;100102;1250;1;10207373447;S
20240425;100102;1250;6;10207373448;S
20240425;100102;1250;1;10207373449;S
20240425;100102;1250;57;10207373450;S
20240425;100102;1250;1;10207373451;S
20240425;100102;1250;5;10207373452;S
20240425;100104;1250;15;10207373682;B
20240425;100108;1249.8;3;10207374404;S
20240425;100109;1249.8;1;10207374516;S
20240425;100109;1249.8;39;10207374517;S
20240425;100109;1249.8;95;10207374584;S
20240425;100110;1249.8;600;10207374871;S
20240425;100110;1249.8;72;10207374872;S
20240425;100110;1249.8;7;10207374873;S
20240425;100113;1249.8;41;10207375349;S
20240425;100115;1250;1;10207375622;B
20240425;100117;1250;2;10207375825;B
20240425;100118;1250;1;10207375945;B
20240425;100121;1249.8;101;10207376262;S
20240425;100121;1249.8;30;10207376302;S
20240425;100122;1249.8;7;10207376465;S
20240425;100125;1249.8;4;10207376796;S
20240425;100127;1250;1;10207377149;B
20240425;100127;1250;31;10207377198;B
20240425;100129;1250;2;10207377443;B
20240425;100132;1250;10;10207377803;B
20240425;100135;1250;2;10207378221;B
20240425;100138;1250;1;10207378619;B
20240425;100140;1250;1;10207379015;B
20240425;100144;1250;51;10207379471;B
20240425;100144;1250;21;10207379472;B
20240425;100144;1250;4;10207379528;B
20240425;100146;1250;3;10207379768;B
20240425;100147;1250;1;10207379934;B
20240425;100148;1249.8;4;10207380052;S
20240425;100148;1249.8;2;10207380053;S
20240425;100152;1250;50;10207380376;B
20240425;100152;1250;23;10207380377;B
20240425;100157;1250;2;10207381038;B
20240425;100159;1250;2;10207381328;B
20240425;100201;1250;4;10207381601;B
20240425;100201;1250;5;10207381623;B
20240425;100204;1250;3;10207382109;B
20240425;100204;1250;22;10207382110;B
20240425;100212;1250;5;10207383538;B
20240425;100215;1250;10;10207384084;B
20240425;100215;1250;1;10207384131;B
20240425;100216;1249.8;6;10207384172;S
20240425;100219;1250;25;10207384633;B
20240425;100219;1249.8;1;10207384708;S
20240425;100221;1249.8;21;10207384961;S
20240425;100224;1250;4;10207385463;B
20240425;100226;1249.8;4;10207385814;S
20240425;100227;1249.8;226;10207385989;S
20240425;100228;1250;1;10207386073;B
20240425;100230;1249.8;200;10207386515;S
20240425;100238;1250;1;10207387602;B
20240425;100238;1250;14;10207387603;B
20240425;100240;1250;18;10207388052;B
20240425;100240;1250;1;10207388060;B
20240425;100245;1250;9;10207389012;B
20240425;100245;1250;11;10207389013;B
20240425;100246;1250;1;10207389084;B
20240425;100246;1249.8;200;10207389096;S
20240425;100246;1249.8;117;10207389106;S
20240425;100246;1249.8;6;10207389107;S
20240425;100246;1249.8;12;10207389108;S
20240425;100246;1249.8;240;10207389109;S
20240425;100246;1249.8;1;10207389110;S
20240425;100246;1249.8;1;10207389111;S
20240425;100246;1249.8;19;10207389112;S
20240425;100246;1249.8;1;10207389113;S
20240425;100246;1249.8;1;10207389114;S
20240425;100246;1249.8;1;10207389115;S
20240425;100246;1249.8;60;10207389116;S
20240425;100246;1249.8;10;10207389117;S
20240425;100246;1249.8;1;10207389118;S
20240425;100246;1249.8;85;10207389119;S
20240425;100247;1249.8;55;10207389266;S
20240425;100247;1249.8;25;10207389267;S
20240425;100248;1250;2;10207389351;B
20240425;100249;1250;24;10207389484;B
20240425;100250;1250;4;10207389611;B
20240425;100252;1250;1;10207389924;B
20240425;100253;1249.8;1;10207390019;S
20240425;100253;1249.8;5;10207390068;S
20240425;100253;1249.8;1;10207390069;S
20240425;100253;1249.8;3;10207390070;S
20240425;100253;1249.8;3;10207390071;S
20240425;100253;1249.8;1;10207390072;S
20240425;100253;1249.8;29;10207390073;S
20240425;100253;1249.8;25;10207390074;S
20240425;100253;1249.8;60;10207390075;S
20240425;100253;1249.8;22;10207390076;S
20240425;100258;1250;1;10207390862;B
20240425;100258;1249.8;5;10207390926;S
20240425;100300;1250;59;10207391409;B
20240425;100300;1250;1;10207391410;B
20240425;100300;1250;1;10207391481;B
20240425;100301;1250;6;10207391667;B
20240425;100302;1250;1;10207391960;B
20240425;100304;1250;11;10207392207;B
20240425;100304;1250;1;10207392208;B
20240425;100304;1250;3;10207392209;B
20240425;100304;1250;20;10207392210;B
20240425;100304;1250;50;10207392211;B
20240425;100304;1250;35;10207392212;B
20240425;100304;1250;1;10207392213;B
20240425;100304;1250.4;13;10207392214;B
20240425;100304;1250.4;2;10207392215;B
20240425;100304;1250.6;1093;10207392216;B
20240425;100304;1250.6;79;10207392217;B
20240425;100304;1250.6;94;10207392218;B
20240425;100304;1250.6;15;10207392219;B
20240425;100304;1250.6;15;10207392220;B
20240425;100304;1250.6;45;10207392221;B
20240425;100311;1250.6;40;10207393843;B
20240425;100313;1250.6;2;10207394244;B
20240425;100315;1250.6;72;10207394611;B
20240425;100317;1250.6;3;10207394967;B
20240425;100318;1250.6;1;10207395190;B
20240425;100318;1250.6;4;10207395262;B
20240425;100319;1250.6;1;10207395556;B
20240425;100319;1250.6;4;10207395692;B
20240425;100320;1250.4;60;10207395839;S
20240425;100320;1250.4;10;10207395840;S
20240425;100320;1250.4;1;10207395901;S
20240425;100321;1250.6;1000;10207395983;B
20240425;100321;1250.6;2;10207395984;B
20240425;100321;1250.6;1;10207396158;B
20240425;100321;1250.6;1;10207396212;B
20240425;100322;1250.6;2;10207396303;B
20240425;100322;1250.6;500;10207396324;B
20240425;100322;1250.4;5;10207396325;S
20240425;100322;1250.6;500;10207396386;B
20240425;100322;1250.6;2;10207396387;B
20240425;100322;1250.6;2;10207396388;B
20240425;100323;1250.6;10;10207396472;B
20240425;100323;1250.6;500;10207396485;B
20240425;100323;1250.6;500;10207396525;B
20240425;100324;1250.6;3;10207396593;B
20240425;100324;1250.6;1;10207396755;B
20240425;100324;1250.6;500;10207396764;B
20240425;100324;1250.6;8;10207396765;B
20240425;100325;1250.6;13;10207396940;B
20240425;100325;1250.6;7;10207396941;B
20240425;100327;1250.6;10;10207397245;B
20240425;100327;1250.6;11;10207397246;B
20240425;100327;1250.6;10;10207397247;B
20240425;100328;1251.4;1;10207397519;B
20240425;100330;1251.4;3;10207397685;B
20240425;100330;1251.4;1;10207397686;B
20240425;100330;1251.8;143;10207397801;S
20240425;100330;1251.8;71;10207397802;S
20240425;100330;1251.8;60;10207397803;S
20240425;100330;1251.8;96;10207397804;S
20240425;100330;1251.8;33;10207397805;S
20240425;100331;1252;1;10207398037;B
20240425;100333;1252;1;10207398357;B
20240425;100339;1251.8;27;10207399207;S
20240425;100339;1251.8;23;10207399208;S
20240425;100341;1251.8;1;10207399499;S
20240425;100343;1251.8;36;10207399847;S
20240425;100343;1251.8;4;10207399848;S
20240425;100344;1252;3;10207399977;B
20240425;100344;1252;150;10207399997;B
20240425;100345;1252;1;10207400075;B
20240425;100347;1252;40;10207400290;B
20240425;100349;1252;4;10207400589;B
20240425;100349;1252;4;10207400590;B
20240425;100349;1252;13;10207400591;B
20240425;100349;1252;3;10207400592;B
20240425;100349;1252.4;31;10207400593;B
20240425;100350;1252.2;1;10207400675;S
20240425;100353;1252.6;1;10207401465;B
20240425;100355;1252.4;1;10207401630;S
20240425;100358;1252.6;2;10207402060;B
20240425;100358;1252.8;1;10207402061;B
20240425;100358;1252.8;4;10207402062;B
20240425;100400;1253;2;10207402524;B
20240425;100400;1253;7;10207402525;B
20240425;100400;1253;10;10207402526;B
20240425;100400;1253;10;10207402527;B
20240425;100400;1253;1;10207402528;B
20240425;100400;1252.8;1;10207402566;S
20240425;100401;1253;5;10207402775;B
20240425;100401;1253;3;10207402776;B
20240425;100401;1253;72;10207402777;B
20240425;100402;1252.8;28;10207402930;S
20240425;100403;1253;1;10207403131;B
20240425;100407;1253;1;10207403785;B
20240425;100408;1253;2;10207403796;B
20240425;100409;1253;35;10207404233;B
20240425;100409;1253.2;10;10207404234;B
20240425;100409;1253.2;10;10207404235;B
20240425;100409;1253.2;79;10207404236;B
20240425;100409;1253.2;67;10207404237;B
20240425;100409;1253.4;100;10207404238;B
20240425;100409;1253.4;9;10207404239;B
20240425;100409;1253.4;20;10207404240;B
20240425;100409;1253.4;2;10207404241;B
20240425;100409;1253.4;45;10207404242;B
20240425;100410;1253.4;34;10207404268;B
20240425;100410;1253.6;4;10207404269;B
20240425;100410;1253.6;2;10207404270;B
20240425;100410;1253.4;79;10207404274;B
20240425;100410;1253.6;6;10207404275;B
20240425;100410;1253.6;5;10207404276;B
20240425;100410;1253.6;10;10207404277;B
20240425;100410;1253.6;2;10207404278;B
20240425;100410;1253.6;11;10207404279;B
20240425;100410;1253.6;2;10207404280;B
20240425;100410;1253.6;10;10207404281;B
20240425;100410;1253.6;79;10207404282;B
20240425;100410;1253.8;20;10207404283;B
20240425;100410;1253.8;5;10207404284;B
20240425;100410;1253.8;143;10207404285;B
20240425;100410;1253.8;40;10207404286;B
20240425;100410;1253.8;35;10207404287;B
20240425;100410;1253.8;79;10207404288;B
20240425;100410;1253.8;66;10207404289;B
20240425;100410;1254;2;10207404290;B
20240425;100410;1254;206;10207404291;B
20240425;100410;1253.6;46;10207404318;S
20240425;100410;1253.6;2;10207404383;S
20240425;100410;1253.6;4;10207404401;S
20240425;100413;1253.8;8;10207404734;S
20240425;100414;1254;3;10207404973;B
20240425;100416;1254;1;10207405302;B
20240425;100419;1254;17;10207405881;B
20240425;100421;1254;15;10207406030;B
20240425;100424;1254;1;10207406415;B
20240425;100429;1254;40;10207407240;B
20240425;100430;1254;1;10207407284;B
20240425;100430;1254;1;10207407348;B
20240425;100432;1253.8;2;10207407744;S
20240425;100434;1254;50;10207408174;B
20240425;100435;1254;1;10207408341;B
20240425;100437;1254;20;10207408654;B
20240425;100437;1254;1;10207408695;B
20240425;100441;1254;300;10207409318;B
20240425;100441;1254;1;10207409319;B
20240425;100444;1253.8;1;10207409744;S
20240425;100444;1254;1;10207409757;B
20240425;100448;1253.8;51;10207410235;S
20240425;100448;1253.8;20;10207410277;S
20240425;100448;1254;26;10207410282;B
20240425;100448;1254;50;10207410292;B
20240425;100451;1253.8;9;10207410806;S
20240425;100451;1254;1;10207410853;B
20240425;100451;1253.8;9;10207410911;S
20240425;100453;1254;112;10207411266;B
20240425;100459;1254;1;10207412063;B
20240425;100500;1254;50;10207412300;B
20240425;100503;1253.8;10;10207412685;S
20240425;100503;1253.8;2;10207412688;S
20240425;100503;1254;1;10207412742;B
20240425;100513;1254;2;10207413948;B
20240425;100516;1254;160;10207414380;B
20240425;100516;1254;1;10207414387;B
20240425;100517;1253.8;5;10207414563;S
20240425;100517;1253.8;1;10207414564;S
20240425;100517;1253.8;1;10207414565;S
20240425;100517;1253.8;1;10207414566;S
20240425;100517;1253.8;143;10207414567;S
20240425;100517;1253.6;5;10207414568;S
20240425;100517;1253.6;2;10207414569;S
20240425;100517;1253.4;13;10207414570;S
20240425;100517;1253.4;43;10207414571;S
20240425;100517;1253.4;17;10207414572;S
20240425;100517;1253.4;10;10207414600;B
20240425;100523;1253.2;10;10207415270;B
20240425;100527;1253;1;10207415890;S
20240425;100527;1253;1;10207415891;S
20240425;100527;1253;3;10207415892;S
20240425;100527;1253;21;10207415893;S
20240425;100527;1253;1;10207415894;S
20240425;100528;1252.8;5;10207415993;S
20240425;100528;1253;1;10207416095;B
20240425;100533;1252.6;1;10207416929;B
20240425;100533;1252.6;1;10207416939;B
20240425;100535;1252.6;1;10207417111;B
20240425;100536;1252.4;1;10207417259;B
20240425;100538;1252.4;1;10207417612;B
20240425;100540;1252.4;90;10207417967;B
20240425;100542;1252.4;1;10207418154;B
20240425;100543;1252.4;1;10207418375;B
20240425;100545;1252.2;6;10207418652;S
20240425;100545;1252.2;3;10207418783;S
20240425;100545;1252;5;10207418784;S
20240425;100545;1252;5;10207418785;S
20240425;100546;1252.2;1;10207418878;B
20240425;100546;1252;19;10207418879;S
20240425;100546;1252;2;10207418880;S
20240425;100546;1252;79;10207418881;S
20240425;100546;1252;4;10207418980;B
20240425;100547;1251.8;4;10207419012;S
20240425;100547;1251.8;16;10207419013;S
20240425;100551;1251.6;2;10207419782;S
20240425;100551;1251.6;79;10207419783;S
20240425;100554;1251.6;15;10207420132;B
20240425;100554;1251.4;1;10207420175;S
20240425;100554;1251.4;9;10207420176;S
20240425;100600;1251.4;25;10207420852;B
20240425;100604;1251.4;6;10207421300;B
20240425;100604;1251.4;7;10207421301;B
20240425;100605;1251.4;5;10207421440;B
20240425;100610;1251.4;2;10207421953;B
20240425;100620;1251.4;3;10207423148;B
20240425;100623;1251.4;4;10207423515;B
20240425;100627;1251.4;25;10207423934;B
20240425;100628;1251.4;10;10207424075;B
20240425;100632;1251.2;16;10207424481;S
20240425;100633;1251.2;1;10207424638;S
20240425;100634;1251.2;6;10207424772;S
20240425;100634;1251.2;56;10207424815;S
20240425;100634;1251.2;5;10207424816;S
20240425;100634;1251.2;12;10207424817;S
20240425;100634;1251;6;10207424818;S
20240425;100634;1251;13;10207424819;S
20240425;100634;1251;4;10207424820;S
20240425;100635;1251.4;64;10207424921;B
20240425;100635;1251.4;36;10207424922;B
20240425;100635;1251.2;30;10207424927;S
20240425;100636;1251.2;49;10207425035;S
20240425;100636;1251.2;45;10207425036;S
20240425;100636;1251.2;6;10207425037;S
20240425;100636;1251;75;10207425038;S
20240425;100636;1251;1;10207425039;S
20240425;100636;1251;155;10207425040;S
20240425;100636;1250.8;79;10207425041;S
20240425;100636;1250.8;2;10207425042;S
20240425;100636;1250.8;60;10207425043;S
20240425;100636;1250.8;60;10207425044;S
20240425;100636;1250.6;200;10207425045;S
20240425;100636;1250.6;68;10207425046;S
20240425;100639;1251.4;1;10207425561;B
20240425;100644;1251.4;18;10207426008;B
20240425;100644;1251.4;5;10207426098;B
20240425;100646;1251.2;1;10207426240;S
20240425;100646;1251.2;10;10207426241;S
20240425;100647;1251.4;1;10207426355;B
20240425;100650;1251.4;1;10207426652;B
20240425;100653;1251.4;1;10207427033;B
20240425;100658;1251.4;1;10207427537;B
20240425;100702;1251.4;2;10207427979;B
20240425;100702;1251.4;5;10207428014;B
20240425;100705;1251.4;5;10207428212;B
20240425;100705;1251.2;30;10207428253;S
20240425;100708;1251.4;6;10207428534;B
20240425;100714;1251.4;1;10207429356;B
20240425;100717;1251.2;1;10207429552;S
20240425;100718;1251.4;1;10207429782;B
20240425;100720;1251.2;1;10207429874;S
20240425;100720;1251.2;5;10207429875;S
20240425;100720;1251.2;13;10207429876;S
20240425;100720;1251.2;3;10207429877;S
20240425;100720;1251.2;8;10207429878;S
20240425;100731;1251.4;1;10207431936;B
20240425;100731;1251.4;1;10207431940;B
20240425;100733;1251.4;6;10207432149;B
20240425;100734;1251.4;16;10207432271;B
20240425;100734;1251.2;44;10207432355;S
20240425;100734;1251.2;1;10207432356;S
20240425;100734;1251.2;78;10207432357;S
20240425;100738;1251.4;1;10207432833;B
20240425;100740;1251.4;1;10207433088;B
20240425;100742;1251.4;4;10207433332;B
20240425;100746;1251.2;13;10207433816;S
20240425;100746;1251.2;15;10207433817;S
20240425;100752;1251.4;58;10207434403;B
20240425;100752;1251.4;106;10207434404;B
20240425;100756;1251.2;79;10207435013;S
20240425;100757;1251.4;1;10207435084;B
20240425;100805;1251.2;1;10207436204;S
20240425;100805;1251.2;23;10207436205;S
20240425;100805;1251.2;44;10207436206;S
20240425;100805;1251.2;1;10207436207;S
20240425;100805;1251.2;1;10207436208;S
20240425;100805;1251.2;2;10207436209;S
20240425;100805;1251.2;1;10207436210;S
20240425;100805;1251.2;2;10207436211;S
20240425;100805;1251.2;1;10207436212;S
20240425;100805;1251.2;2;10207436213;S
20240425;100805;1251.2;1;10207436214;S
20240425;100805;1251.2;2;10207436215;S
20240425;100805;1251.2;19;10207436216;S
20240425;100808;1251.2;10;10207436504;S
20240425;100808;1251.2;5;10207436579;S
20240425;100813;1251.4;8;10207437511;B
20240425;100813;1251.4;18;10207437517;B
20240425;100817;1251.4;1;10207438039;B
20240425;100824;1251.2;1;10207439042;S
20240425;100827;1251.2;3;10207439386;S
20240425;100832;1251.2;51;10207439999;S
20240425;100834;1251.4;26;10207440271;B
20240425;100834;1251.4;61;10207440272;B
20240425;100834;1251.4;33;10207440273;B
20240425;100834;1251.4;66;10207440274;B
20240425;100834;1251.4;5;10207440275;B
20240425;100834;1251.4;41;10207440276;B
20240425;100836;1251.2;5;10207440402;S
20240425;100837;1251.2;173;10207440512;S
20240425;100837;1251.2;31;10207440513;S
20240425;100837;1251.2;44;10207440514;S
20240425;100837;1251.2;1;10207440515;S
20240425;100837;1251.2;5;10207440516;S
20240425;100837;1251.2;126;10207440517;S
20240425;100839;1251.4;30;10207440879;B
20240425;100844;1251.4;1;10207441475;B
20240425;100845;1251.4;18;10207441553;B
20240425;100845;1251.4;15;10207441554;B
20240425;100848;1251.2;50;10207441872;S
20240425;100848;1251.2;50;10207441883;S
20240425;100908;1251.2;18;10207444263;S
20240425;100908;1251.2;32;10207444264;S
20240425;100908;1251.2;7;10207444328;S
20240425;100910;1251.4;38;10207444529;B
20240425;100910;1251.4;1;10207444530;B
20240425;100910;1251.4;1;10207444531;B
20240425;100913;1251.4;1;10207444927;B
20240425;100914;1251.4;1;10207445141;B
20240425;100917;1251.4;1;10207445527;B
20240425;100917;1251.4;1;10207445567;B
20240425;100918;1251.2;21;10207445632;S
20240425;100918;1251.2;79;10207445633;S
20240425;100921;1251.4;1;10207445941;B
20240425;100925;1251.4;1;10207446299;B
20240425;100926;1251.4;10;10207446421;B
20240425;100927;1251.4;1;10207446558;B
20240425;100929;1251.4;10;10207446786;B
20240425;100932;1251.4;1;10207447090;B
20240425;100932;1251.4;2;10207447091;B
20240425;100932;1251.4;1;10207447092;B
20240425;100932;1251.6;13;10207447093;B
20240425;100932;1252;10;10207447131;B
20240425;100932;1252;2;10207447132;B
20240425;100932;1252;30;10207447133;B
20240425;100932;1252;1;10207447134;B
20240425;100932;1252;28;10207447135;B
20240425;100935;1252;1;10207447461;B
20240425;100936;1252;2;10207447505;B
20240425;100946;1252;1;10207448683;B
20240425;100946;1252;68;10207448687;B
20240425;100946;1252;13;10207448688;B
20240425;100946;1252;18;10207448689;B
20240425;100947;1252;5;10207448854;B
20240425;100949;1251.8;60;10207449147;S
20240425;100949;1251.8;4;10207449148;S
20240425;101000;1251.8;50;10207450899;S
20240425;101002;1252;39;10207451112;B
20240425;101002;1252;4;10207451113;B
20240425;101002;1252;7;10207451114;B
20240425;101006;1252;10;10207451611;B
20240425;101006;1252;8;10207451717;B
20240425;101006;1252;1;10207451718;B
20240425;101008;1252;50;10207451935;S
20240425;101009;1252;11;10207452054;S
20240425;101009;1252;29;10207452055;S
20240425;101013;1252.4;1;10207452572;B
20240425;101013;1252.4;1;10207452573;B
20240425;101013;1252.4;1;10207452574;B
20240425;101013;1252.4;1;10207452575;B
20240425;101015;1252;1;10207452871;S
20240425;101017;1252.2;1;10207453077;B
20240425;101023;1252.2;1;10207453904;B
20240425;101023;1252.2;16;10207453960;B
20240425;101025;1252;1;10207454176;S
20240425;101026;1252.2;7;10207454294;B
20240425;101044;1252.2;1;10207456898;B
20240425;101052;1252.2;8;10207457890;B
20240425;101059;1252.2;5;10207458677;B
20240425;101108;1252.2;20;10207460287;B
20240425;101108;1252.2;6;10207460324;B
20240425;101109;1252.2;19;10207460438;S
20240425;101119;1252.4;5;10207461667;B
20240425;101124;1252.4;1;10207462407;B
20240425;101126;1252.4;73;10207462721;B
20240425;101127;1252.4;3;10207462886;S
20240425;101129;1252.6;7;10207463212;B
20240425;101129;1252.6;2;10207463215;B
20240425;101129;1252.6;79;10207463216;B
20240425;101129;1252.8;50;10207463217;B
20240425;101129;1252.8;79;10207463218;B
20240425;101129;1252.8;50;10207463219;B
20240425;101129;1253;79;10207463220;B
20240425;101129;1253;60;10207463221;B
20240425;101129;1253;233;10207463222;B
20240425;101129;1253.2;150;10207463223;B
20240425;101129;1253.2;274;10207463224;B
20240425;101129;1253.2;60;10207463225;B
20240425;101129;1253.4;20;10207463226;B
20240425;101129;1253.4;1364;10207463227;B
20240425;101130;1253.2;1;10207463356;B
20240425;101131;1253.2;78;10207463471;B
20240425;101131;1253.4;82;10207463472;B
20240425;101133;1253;50;10207463933;S
20240425;101139;1253;50;10207464732;S
20240425;101139;1253;96;10207464733;S
20240425;101139;1253;1;10207464734;S
20240425;101139;1252.8;43;10207464735;S
20240425;101143;1253.2;1;10207465217;B
20240425;101143;1253.2;25;10207465218;B
20240425;101143;1253.2;60;10207465219;B
20240425;101143;1253.4;14;10207465220;B
20240425;101143;1253;2;10207465237;S
20240425;101145;1253.2;10;10207465403;S
20240425;101146;1253.4;30;10207465513;B
20240425;101147;1253.4;400;10207465741;B
20240425;101154;1253.2;1;10207466765;B
20240425;101158;1253.2;21;10207467186;B
20240425;101158;1253.2;24;10207467187;B
20240425;101159;1253.2;8;10207467269;B
20240425;101203;1253.2;28;10207467828;B
20240425;101203;1253.2;2;10207467829;B
20240425;101203;1253.2;20;10207467830;B
20240425;101203;1253;96;10207467902;S
20240425;101203;1252.8;117;10207467903;S
20240425;101203;1252.8;158;10207467904;S
20240425;101203;1252.8;52;10207467905;S
20240425;101203;1252.6;13;10207467906;S
20240425;101203;1252.6;1;10207467907;S
20240425;101203;1252.4;60;10207467908;S
20240425;101203;1252.4;6;10207467909;S
20240425;101203;1252.4;50;10207467910;S
20240425;101203;1252.4;45;10207467911;S
20240425;101203;1252.4;1;10207467912;S
20240425;101203;1252.4;30;10207467913;S
20240425;101203;1252.4;117;10207467914;S
20240425;101203;1252.4;34;10207467915;S
20240425;101210;1252.6;15;10207468772;B
20240425;101215;1252.6;20;10207469436;B
20240425;101216;1252.6;11;10207469657;B
20240425;101218;1252.4;1;10207469890;B
20240425;101219;1252.4;8;10207470029;B
20240425;101220;1252.4;1;10207470224;B
20240425;101224;1252.6;60;10207470626;B
20240425;101227;1252.8;1;10207471099;B
20240425;101231;1252.8;99;10207471527;B
20240425;101231;1252.8;60;10207471528;B
20240425;101231;1252.8;62;10207471529;B
20240425;101231;1253;13;10207471530;B
20240425;101231;1253;355;10207471531;B
20240425;101231;1253;175;10207471532;B
20240425;101231;1253.2;45;10207471533;B
20240425;101231;1253.2;1000;10207471534;B
20240425;101231;1253.2;79;10207471535;B
20240425;101231;1253.2;600;10207471536;B
20240425;101231;1253.2;60;10207471537;B
20240425;101231;1253.4;2452;10207471538;B
20240425;101241;1253;1;10207472842;S
20240425;101249;1253.4;1;10207473817;B
20240425;101251;1253.4;213;10207474058;B
20240425;101253;1253.4;9;10207474360;B
20240425;101253;1253.2;2;10207474439;B
20240425;101255;1253;1;10207474684;S
20240425;101256;1253.2;1;10207474786;B
20240425;101301;1253.2;3;10207475548;B
20240425;101305;1253;34;10207476036;S
20240425;101310;1253.2;1;10207476584;B
20240425;101310;1253.2;1;10207476627;B
20240425;101311;1253.2;6;10207476737;B
20240425;101312;1253.2;9;10207476887;B
20240425;101315;1253.2;20;10207477195;B
20240425;101316;1253;1;10207477378;S
20240425;101316;1253;5;10207477379;S
20240425;101316;1253;4;10207477380;S
20240425;101317;1253.2;5;10207477402;B
20240425;101317;1253.2;71;10207477450;B
20240425;101317;1253.2;204;10207477451;B
20240425;101318;1253.2;1;10207477506;B
20240425;101322;1253.2;25;10207477977;B
20240425;101323;1253.2;2;10207478092;B
20240425;101326;1253.2;5;10207478426;B
20240425;101329;1253;3;10207478812;S
20240425;101332;1253;3;10207479170;S
20240425;101332;1253;2;10207479171;S
20240425;101332;1253;21;10207479172;S
20240425;101334;1253.2;1;10207479315;B
20240425;101335;1253.2;20;10207479412;B
20240425;101335;1253.2;39;10207479430;B
20240425;101335;1253.2;52;10207479431;B
20240425;101335;1253.2;130;10207479432;B
20240425;101335;1253.2;5;10207479433;B
20240425;101335;1253.2;94;10207479434;B
20240425;101335;1253.4;80;10207479435;B
20240425;101339;1253.4;1;10207479873;B
20240425;101348;1253.2;1;10207480941;S
20240425;101348;1253.4;64;10207480959;B
20240425;101355;1253.2;30;10207481828;S
20240425;101357;1253.4;80;10207482088;B
20240425;101357;1253.4;12;10207482089;B
20240425;101404;1253.4;1;10207482958;B
20240425;101404;1253.4;2;10207482980;B
20240425;101405;1253.4;30;10207483084;B
20240425;101408;1253.4;10;10207483428;B
20240425;101413;1253.4;20;10207483887;B
20240425;101413;1253.2;3;10207483913;S
20240425;101414;1253.4;5;10207484022;B
20240425;101414;1253.4;25;10207484025;B
20240425;101418;1253.4;100;10207484496;B
20240425;101419;1253.4;3;10207484531;B
20240425;101420;1253.4;2;10207484646;B
20240425;101420;1253.4;1;10207484647;B
20240425;101420;1253.4;7;10207484648;B
20240425;101420;1253.4;1;10207484652;B
20240425;101422;1253.4;1;10207484800;B
20240425;101430;1253.2;5;10207485615;S
20240425;101436;1253.4;2;10207486587;B
20240425;101444;1253.2;1;10207487624;S
20240425;101444;1253;7;10207487625;S
20240425;101445;1253.2;2;10207487677;B
20240425;101448;1253.2;1;10207488141;B
20240425;101450;1253.2;1;10207488374;B
20240425;101452;1253.2;92;10207488597;B
20240425;101452;1253.2;60;10207488598;B
20240425;101452;1253.2;27;10207488599;B
20240425;101455;1253.2;5;10207488893;B
20240425;101456;1253.2;5;10207488993;B
20240425;101459;1253.2;1;10207489423;B
20240425;101506;1253;43;10207490672;S
20240425;101506;1253;67;10207490673;S
20240425;101509;1253.2;1;10207491206;B
20240425;101509;1253;6;10207491221;S
20240425;101518;1253;50;10207493199;S
20240425;101526;1253.2;6;10207494693;B
20240425;101530;1253.2;1;10207495220;B
20240425;101535;1253.2;1;10207496062;B
20240425;101537;1253.2;4;10207496385;B
20240425;101537;1253.2;1;10207496386;B
20240425;101540;1253.2;2;10207496851;B
20240425;101543;1253.2;10;10207497346;B
20240425;101545;1253.2;1;10207497714;B
20240425;101547;1253.2;27;10207497947;B
20240425;101552;1253.2;2;10207498668;B
20240425;101554;1253;1;10207498869;S
20240425;101557;1253.2;5;10207499414;B
20240425;101559;1253;2;10207499734;S
20240425;101606;1253.2;1;10207500885;B
20240425;101606;1253.2;1;10207500952;B
20240425;101607;1253.2;1;10207501232;B
20240425;101609;1253;2;10207501506;S
20240425;101609;1253;10;10207501571;S
20240425;101610;1253;862;10207501924;S
20240425;101610;1253;2;10207501925;S
20240425;101610;1253;3;10207501926;S
20240425;101610;1253;1;10207501927;S
20240425;101610;1253;1;10207501928;S
20240425;101610;1253;1;10207501929;S
20240425;101610;1253;20;10207501930;S
20240425;101610;1253;1;10207501931;S
20240425;101610;1252.8;1;10207501932;S
20240425;101610;1252.8;20;10207501933;S
20240425;101610;1252.8;2;10207501934;S
20240425;101610;1252.6;13;10207501935;S
20240425;101610;1252.6;1;10207501936;S
20240425;101610;1252.6;3;10207501937;S
20240425;101610;1252.6;10;10207501938;S
20240425;101610;1252.6;29;10207501939;S
20240425;101610;1252.6;32;10207501941;S
20240425;101611;1252.6;2;10207502131;B
20240425;101620;1252.6;1;10207503842;B
20240425;101621;1252.4;4;10207503933;S
20240425;101621;1252.4;1;10207503934;S
20240425;101624;1252.2;2;10207504181;S
20240425;101624;1252.2;1;10207504182;S
20240425;101624;1252.2;127;10207504183;S
20240425;101624;1252.2;33;10207504274;S
20240425;101624;1252.2;11;10207504275;S
20240425;101624;1252.2;1;10207504276;S
20240425;101624;1252;3;10207504277;S
20240425;101624;1252;1;10207504278;S
20240425;101624;1252;16;10207504279;S
20240425;101624;1252;1;10207504280;S
20240425;101624;1252;20;10207504281;S
20240425;101624;1252;7;10207504282;S
20240425;101624;1252;5;10207504283;S
20240425;101624;1252;32;10207504284;S
20240425;101624;1252.2;10;10207504356;B
20240425;101625;1252;18;10207504400;S
20240425;101625;1252;27;10207504401;S
20240425;101625;1252;1;10207504402;S
20240425;101625;1252;55;10207504403;S
20240425;101625;1252;16;10207504404;S
20240425;101627;1251.8;10;10207504754;S
20240425;101627;1251.8;10;10207504755;S
20240425;101627;1251.8;79;10207504756;S
20240425;101629;1251.8;5;10207505163;B
20240425;101629;1251.6;1;10207505164;S
20240425;101629;1251.6;1;10207505165;S
20240425;101629;1251.6;1;10207505166;S
20240425;101629;1251.6;2;10207505167;S
20240425;101632;1251.6;1;10207505662;S
20240425;101632;1251.6;25;10207505663;S
20240425;101632;1251.6;50;10207505664;S
20240425;101635;1251.4;1;10207505945;S
20240425;101635;1251.4;10;10207505946;S
20240425;101635;1251.4;1;10207505947;S
20240425;101635;1251.4;8;10207505948;S
20240425;101635;1251.4;1;10207506052;S
20240425;101639;1251.6;20;10207506602;B
20240425;101640;1251.6;10;10207506642;B
20240425;101642;1251.4;39;10207506998;S
20240425;101642;1251.4;22;10207506999;S
20240425;101642;1251.4;8;10207507000;S
20240425;101642;1251.4;35;10207507001;S
20240425;101642;1251.4;44;10207507002;S
20240425;101642;1251.4;54;10207507003;S
20240425;101643;1251.2;1;10207507179;S
20240425;101643;1251.2;1;10207507180;S
20240425;101643;1251.2;2;10207507181;S
20240425;101643;1251.2;1;10207507182;S
20240425;101643;1251.2;1;10207507183;S
20240425;101643;1251.2;79;10207507184;S
20240425;101643;1251.2;57;10207507185;B
20240425;101651;1251;50;10207508553;S
20240425;101651;1251;1;10207508554;S
20240425;101651;1251;1;10207508555;S
20240425;101651;1251;1;10207508556;S
20240425;101651;1251;7;10207508557;S
20240425;101651;1251;3;10207508558;S
20240425;101651;1251;12;10207508559;S
20240425;101655;1251;8;10207509072;B
20240425;101658;1251.2;1;10207509585;B
20240425;101700;1251;2;10207509757;S
20240425;101700;1251;18;10207509758;S
20240425;101700;1250.8;80;10207509759;S
20240425;101700;1251;54;10207509760;B
20240425;101703;1250.8;46;10207510282;S
20240425;101707;1251;1;10207510959;S
20240425;101710;1251.2;23;10207511325;B
20240425;101713;1251.2;4;10207511774;B
20240425;101714;1251;1;10207511884;S
20240425;101714;1251;1;10207511959;B
20240425;101720;1251;1;10207512935;B
20240425;101720;1251.2;2;10207512936;B
20240425;101721;1250.8;2;10207512988;S
20240425;101726;1251;8;10207513675;S
20240425;101726;1250.8;37;10207513676;S
20240425;101735;1251.2;1;10207515060;B
20240425;101736;1251.2;1;10207515263;B
20240425;101738;1251.2;1;10207515399;B
20240425;101740;1251.2;1;10207515751;B
20240425;101740;1251;1;10207515758;S
20240425;101742;1251;1;10207516044;S
20240425;101749;1251;6;10207516817;S
20240425;101749;1251.2;1;10207516823;B
20240425;101752;1251;5;10207517242;S
20240425;101756;1251.2;11;10207517891;B
20240425;101757;1251;1;10207517972;S
20240425;101758;1251.2;1;10207518089;B
20240425;101759;1251.2;3;10207518266;B
20240425;101804;1251.2;13;10207519038;B
20240425;101804;1251;3;10207519072;S
20240425;101804;1251;50;10207519073;S
20240425;101804;1251;1;10207519074;S
20240425;101804;1251;1;10207519075;S
20240425;101804;1251;2;10207519076;S
20240425;101804;1251;2;10207519077;S
20240425;101804;1251;1;10207519078;S
20240425;101804;1251;2;10207519079;S
20240425;101804;1251;1;10207519080;S
20240425;101804;1251;1;10207519081;S
20240425;101804;1251;2;10207519082;S
20240425;101807;1251;10;10207519449;B
20240425;101811;1250.8;4;10207520072;S
20240425;101815;1251;5;10207520555;B
20240425;101817;1251;14;10207520931;B
20240425;101819;1251;1;10207521165;B
20240425;101819;1251;5;10207521335;B
20240425;101820;1251;1;10207521355;B
20240425;101820;1251;1;10207521426;B
20240425;101833;1250.8;10;10207523303;S
20240425;101834;1251;3;10207523379;B
20240425;101838;1251;10;10207523917;B
20240425;101847;1251.2;2;10207524888;B
20240425;101848;1251;1;10207525000;S
20240425;101848;1250.8;9;10207525001;S
20240425;101853;1250.8;12;10207525529;S
20240425;101853;1250.8;3;10207525530;S
20240425;101853;1250.8;5;10207525531;S
20240425;101853;1250.8;1;10207525532;S
20240425;101853;1250.8;25;10207525533;S
20240425;101853;1250.8;1;10207525534;S
20240425;101853;1250.8;146;10207525535;S
20240425;101853;1250.6;37;10207525536;S
20240425;101853;1250.6;10;10207525538;S
20240425;101854;1250.8;6;10207525631;B
20240425;101900;1250.8;1;10207526609;B
20240425;101902;1250.8;4;10207526758;B
20240425;101902;1250.8;1;10207526860;B
20240425;101913;1251.2;15;10207528610;B
20240425;101913;1251.2;3;10207528611;B
20240425;101914;1251.2;1;10207528718;B
20240425;101917;1251.2;9;10207529030;B
20240425;101917;1251.2;1;10207529031;B
20240425;101919;1251.2;28;10207529188;B
20240425;101921;1251.2;1;10207529516;B
20240425;101927;1251;31;10207530191;S
20240425;101927;1251;1;10207530192;S
20240425;101927;1251;43;10207530193;S
20240425;101931;1251.2;1;10207530968;B
20240425;101944;1250.8;5;10207532258;S
20240425;101944;1250.8;55;10207532260;S
20240425;101944;1250.8;1;10207532261;S
20240425;101946;1250.8;1;10207532364;B
20240425;101948;1250.8;1;10207532575;B
20240425;101953;1250.8;12;10207532981;B
20240425;101953;1251;3;10207532982;B
20240425;101954;1251;2;10207533085;B
20240425;101954;1251;1;10207533142;B
20240425;101957;1251;1;10207533411;B
20240425;102003;1250.8;1;10207533919;B
20240425;102007;1250.8;1;10207534176;B
20240425;102011;1250.6;1;10207534541;S
20240425;102014;1250.8;1;10207534998;B
20240425;102015;1250.6;130;10207535048;S
20240425;102015;1250.8;5;10207535106;B
20240425;102024;1250.8;5;10207537789;B
20240425;102024;1250.6;4;10207537811;S
20240425;102024;1250.6;1;10207537812;S
20240425;102024;1250.6;20;10207537813;S
20240425;102024;1250.6;5;10207537814;S
20240425;102024;1250.6;5;10207537815;S
20240425;102024;1250.6;60;10207537816;S
20240425;102024;1250.6;1;10207537817;S
20240425;102024;1250.6;1;10207537818;S
20240425;102024;1250.6;2;10207537819;S
20240425;102024;1250.6;2;10207537820;S
20240425;102024;1250.4;20;10207537821;S
20240425;102024;1250.4;1;10207537822;S
20240425;102024;1250.4;13;10207537823;S
20240425;102024;1250.4;1;10207537824;S
20240425;102024;1250.4;10;10207537825;S
20240425;102024;1250.4;40;10207537826;S
20240425;102024;1250.4;137;10207537827;S
20240425;102024;1250.4;5;10207537828;S
20240425;102024;1250.2;2;10207537829;S
20240425;102024;1250.2;100;10207537830;S
20240425;102024;1250.2;60;10207537831;S
20240425;102024;1250.2;8;10207537832;S
20240425;102024;1250.2;1;10207537833;S
20240425;102024;1250.2;1;10207537834;S
20240425;102024;1250.2;1;10207537835;S
20240425;102024;1250.2;10;10207537836;S
20240425;102024;1250.2;73;10207537837;S
20240425;102024;1250.2;40;10207537838;S
20240425;102024;1250;20;10207537839;S
20240425;102024;1250;1;10207537840;S
20240425;102024;1250;1;10207537841;S
20240425;102024;1250;1;10207537842;S
20240425;102024;1250;1;10207537843;S
20240425;102024;1250;3;10207537844;S
20240425;102024;1250;10;10207537845;S
20240425;102024;1250;1;10207537846;S
20240425;102024;1250;1;10207537847;S
20240425;102024;1250;3;10207537848;S
20240425;102024;1250;6;10207537849;S
20240425;102024;1250;4;10207537850;S
20240425;102024;1250;1;10207537851;S
20240425;102024;1250;5;10207537852;S
20240425;102024;1250;1;10207537853;S
20240425;102024;1250;1;10207537854;S
20240425;102024;1250;1;10207537855;S
20240425;102024;1250;1;10207537856;S
20240425;102024;1250;1;10207537857;S
20240425;102024;1250;10;10207537858;S
20240425;102024;1250;1;10207537859;S
20240425;102024;1250;20;10207537860;S
20240425;102024;1250;2;10207537861;S
20240425;102024;1250;1;10207537862;S
20240425;102024;1250;20;10207537863;S
20240425;102024;1250;1;10207537864;S
20240425;102024;1250;1;10207537865;S
20240425;102024;1250;1;10207537866;S
20240425;102024;1250;1;10207537867;S
20240425;102024;1250;1000;10207537868;S
20240425;102024;1250;14;10207537869;S
20240425;102024;1250;3;10207537870;S
20240425;102024;1250;4;10207537871;S
20240425;102024;1250;32;10207537872;S
20240425;102024;1250;20;10207537873;S
20240425;102024;1250;3;10207537874;S
20240425;102024;1250;30;10207537875;S
20240425;102024;1250;1;10207537876;S
20240425;102024;1250;200;10207537877;S
20240425;102024;1250;50;10207537878;S
20240425;102024;1250;2;10207537879;S
20240425;102024;1250;10;10207537880;S
20240425;102024;1250;1;10207537881;S
20240425;102024;1250;1;10207537882;S
20240425;102024;1250;10;10207537883;S
20240425;102024;1250;1;10207537884;S
20240425;102024;1250;4;10207537885;S
20240425;102024;1250;1;10207537886;S
20240425;102024;1250;30;10207537887;S
20240425;102024;1250;1;10207537888;S
20240425;102024;1250;1;10207537889;S
20240425;102024;1250;3;10207537890;S
20240425;102024;1250;50;10207537891;S
20240425;102024;1250;2;10207537892;S
20240425;102024;1250;1;10207537893;S
20240425;102024;1250;1;10207537894;S
20240425;102024;1250;1;10207537895;S
20240425;102024;1250;3;10207537896;S
20240425;102024;1250;2;10207537897;S
20240425;102024;1250;2;10207537898;S
20240425;102024;1250;20;10207537899;S
20240425;102024;1250;5;10207537900;S
20240425;102024;1250;1;10207537901;S
20240425;102024;1250;1;10207537902;S
20240425;102024;1250;1;10207537903;S
20240425;102024;1250;1;10207537904;S
20240425;102024;1250;3;10207537905;S
20240425;102024;1250;79;10207537906;S
20240425;102024;1250;4;10207537907;S
20240425;102024;1250;60;10207537908;S
20240425;102024;1250;100;10207537909;S
20240425;102024;1250.2;2;10207537912;B
20240425;102024;1250.2;2;10207537913;B
20240425;102024;1250.2;2;10207537921;B
20240425;102024;1250.2;2;10207537923;B
20240425;102024;1250.2;2;10207537925;B
20240425;102024;1250.2;2;10207537926;B
20240425;102024;1250.2;2;10207537927;B
20240425;102024;1250.2;1;10207537931;B
20240425;102024;1250.4;1;10207537932;B
20240425;102024;1250.4;2;10207537935;B
20240425;102024;1250.4;2;10207537936;B
20240425;102024;1250.4;2;10207537939;B
20240425;102024;1250.4;2;10207537944;B
20240425;102024;1250.4;2;10207537954;B
20240425;102024;1250.4;2;10207537955;B
20240425;102024;1250.4;2;10207537962;B
20240425;102024;1250.4;2;10207537966;B
20240425;102024;1250;1;10207537969;S
20240425;102024;1250;4;10207537970;S
20240425;102024;1250.4;2;10207537982;B
20240425;102024;1250.4;2;10207537983;B
20240425;102026;1250.2;1;10207539057;B
20240425;102028;1250.4;1;10207540245;B
20240425;102030;1250.4;6;10207540549;B
20240425;102031;1250.4;1;10207540628;B
20240425;102031;1250.4;11;10207540676;B
20240425;102033;1250;56;10207542795;S
20240425;102033;1250;1;10207542796;S
20240425;102033;1250;20;10207542797;S
20240425;102033;1250;58;10207542798;S
20240425;102034;1250.2;1;10207542886;B
20240425;102039;1250.2;5;10207543373;B
20240425;102039;1250.4;1;10207543533;B
20240425;102042;1250.2;1;10207543891;B
20240425;102042;1250;3;10207543895;S
20240425;102043;1250.2;1;10207544216;B
20240425;102051;1250.2;1;10207548393;B
20240425;102053;1250.2;141;10207548770;B
20240425;102053;1250.2;1;10207548771;B
20240425;102053;1250.2;38;10207548772;B
20240425;102053;1250.4;60;10207548773;B
20240425;102053;1250.4;60;10207548774;B
20240425;102054;1250.4;1;10207548833;S
20240425;102055;1250.6;5;10207548917;B
20240425;102055;1250.4;20;10207548965;S
20240425;102056;1250.4;25;10207549249;S
20240425;102100;1250.6;4;10207550643;B
20240425;102103;1250.6;1;10207550937;B
20240425;102109;1250.6;1;10207553516;B
20240425;102111;1250.4;1;10207553947;S
20240425;102112;1250.6;1;10207553973;B
20240425;102121;1250.6;1;10207555945;B
20240425;102124;1250.6;2;10207557738;B
20240425;102124;1250.6;1;10207557739;B
20240425;102125;1250.6;1;10207557822;B
20240425;102125;1250.6;1;10207557823;B
20240425;102129;1250.4;173;10207558350;S
20240425;102144;1250.4;2;10207561380;S
20240425;102149;1250.4;3;10207563120;S
20240425;102201;1250.6;1;10207565831;B
20240425;102208;1250.6;15;10207567884;B
20240425;102208;1250.6;8;10207567949;B
20240425;102211;1250.6;3;10207568304;B
20240425;102212;1250.4;1;10207568389;S
20240425;102213;1250.6;1;10207568551;B
20240425;102216;1250.4;1;10207569285;S
20240425;102221;1250.4;58;10207570602;S
20240425;102224;1250.6;20;10207570815;B
20240425;102229;1250.6;1;10207571428;B
20240425;102234;1250.4;5;10207573480;S
20240425;102244;1250.4;1;10207576041;S
20240425;102248;1250.4;1;10207576809;S
20240425;102248;1250.4;16;10207576813;S
20240425;102250;1250.4;7;10207577167;S
20240425;102250;1250.6;1;10207577178;B
20240425;102254;1250.6;1;10207577443;B
20240425;102302;1250.6;4;10207580519;B
20240425;102302;1250.6;1;10207580520;B
20240425;102304;1250.6;10;10207580639;B
20240425;102304;1250.6;1;10207580640;B
20240425;102304;1250.6;1;10207580641;B
20240425;102304;1250.6;2;10207580642;B
20240425;102304;1250.6;4;10207580643;B
20240425;102304;1250.8;2;10207580644;B
20240425;102304;1250.8;79;10207580645;B
20240425;102304;1250.8;1;10207580646;B
20240425;102304;1250.8;42;10207580647;B
20240425;102304;1250.8;1;10207580648;B
20240425;102304;1250.8;143;10207580649;B
20240425;102304;1251;4;10207580650;B
20240425;102304;1251;79;10207580651;B
20240425;102304;1251;2;10207580652;B
20240425;102304;1251;20;10207580653;B
20240425;102304;1251;9;10207580654;B
20240425;102309;1250.6;10;10207582687;S
20240425;102323;1250.8;1;10207585900;B
20240425;102325;1250.8;50;10207586515;B
20240425;102329;1250.8;1;10207587163;B
20240425;102330;1250.8;1;10207587201;B
20240425;102330;1250.8;2;10207587208;S
20240425;102330;1250.8;2;10207587212;S
20240425;102330;1250.8;2;10207587219;S
20240425;102330;1250.8;2;10207587224;S
20240425;102330;1250.8;2;10207587237;S
20240425;102330;1250.8;2;10207587238;S
20240425;102330;1250.8;2;10207587247;S
20240425;102330;1250.8;2;10207587252;S
20240425;102334;1251;1;10207587801;B
20240425;102336;1251;2;10207588015;B
20240425;102339;1251;1;10207589002;B
20240425;102345;1250.8;10;10207589701;S
20240425;102348;1250.8;10;10207591907;S
20240425;102349;1251;2;10207591938;B
20240425;102353;1250.8;28;10207592601;S
20240425;102357;1251;4;10207593087;B
20240425;102359;1251;1;10207593353;B
20240425;102405;1251;1;10207596024;B
20240425;102408;1250.8;2;10207596524;S
20240425;102408;1250.8;13;10207596525;S
20240425;102411;1251;1;10207597244;B
20240425;102419;1250.8;1;10207600680;S
20240425;102420;1250.8;3;10207602028;S
20240425;102423;1251;1;10207603139;B
20240425;102435;1251;2;10207607949;B
20240425;102436;1251;1;10207608204;B
20240425;102443;1251;2;10207609663;B
20240425;102445;1251;153;10207609998;B
20240425;102445;1251;1;10207609999;B
20240425;102445;1251;1;10207610000;B
20240425;102445;1251;100;10207610001;B
20240425;102445;1251;45;10207610002;B
20240425;102447;1251;10;10207611798;B
20240425;102452;1250.8;11;10207612365;S
20240425;102452;1251;1;10207612384;B
20240425;102453;1251;10;10207612601;B
20240425;102457;1251;1;10207613874;B
20240425;102459;1251;1;10207615083;B
20240425;102501;1251;16;10207615321;B
20240425;102501;1251;12;10207615322;B
20240425;102501;1251.2;1;10207615473;B
20240425;102501;1251.2;1;10207615474;B
20240425;102503;1251;9;10207615617;S
20240425;102508;1251.2;2;10207618429;B
20240425;102518;1251.2;2;10207622307;B
20240425;102520;1251.2;1;10207623816;B
20240425;102523;1251;2;10207624438;S
20240425;102527;1251.2;2;10207626003;B
20240425;102538;1251;1;10207630952;S
20240425;102538;1251;1;10207630953;S
20240425;102538;1251;3;10207630954;S
20240425;102541;1251.2;5;10207632582;B
20240425;102543;1251.2;1;10207634030;B
20240425;102546;1251.2;10;10207634379;B
20240425;102549;1251.2;1;10207635175;B
20240425;102552;1251.2;55;10207635541;B
20240425;102552;1251.2;7;10207635542;B
20240425;102552;1251.4;79;10207635543;B
20240425;102552;1251.4;59;10207635544;B
20240425;102552;1251.4;1;10207635545;B
20240425;102552;1251.4;79;10207635546;B
20240425;102552;1251.4;79;10207635547;B
20240425;102552;1251.4;9;10207635603;S
20240425;102553;1251.6;2;10207635649;B
20240425;102556;1251.6;1;10207637028;B
20240425;102600;1251.6;1;10207638288;B
20240425;102606;1251.8;2;10207639138;B
20240425;102622;1251.6;1;10207643565;S
20240425;102636;1251.8;17;10207645098;B
20240425;102636;1251.8;43;10207645099;B
20240425;102641;1251.8;36;10207645772;B
20240425;102641;1251.8;4;10207645773;B
20240425;102641;1251.8;1;10207645774;B
20240425;102642;1251.8;5;10207645891;S
20240425;102643;1252;2;10207645996;B
20240425;102649;1251.8;3;10207647146;S
20240425;102656;1252;8;10207648103;B
20240425;102656;1252;20;10207648104;B
20240425;102656;1252;72;10207648105;B
20240425;102656;1252;1;10207648174;B
20240425;102700;1252;1;10207648539;B
20240425;102702;1252;2;10207648686;B
20240425;102704;1252;10;10207648931;B
20240425;102707;1251.8;1;10207649238;S
20240425;102707;1251.8;44;10207649277;S
20240425;102707;1251.8;86;10207649278;S
20240425;102709;1251.8;11;10207649615;S
20240425;102710;1251.6;1;10207649683;S
20240425;102712;1252;200;10207649858;B
20240425;102715;1252;1;10207650194;B
20240425;102715;1251.8;5;10207650243;S
20240425;102721;1252;1;10207650936;B
20240425;102724;1252;3;10207651396;B
20240425;102726;1252;10;10207651690;B
20240425;102728;1251.8;1;10207651999;S
20240425;102728;1252;4;10207652015;B
20240425;102733;1251.8;96;10207652497;S
20240425;102733;1251.8;1;10207652498;S
20240425;102733;1251.8;1;10207652499;S
20240425;102733;1251.8;1;10207652500;S
20240425;102733;1251.8;1;10207652501;S
20240425;102738;1251.8;2;10207653065;S
20240425;102738;1251.8;1;10207653066;S
20240425;102740;1252;1;10207653239;B
20240425;102743;1252;1;10207653615;B
20240425;102748;1252;10;10207654157;B
20240425;102755;1252;1;10207655490;B
20240425;102758;1251.8;4;10207655950;S
20240425;102800;1251.8;30;10207656093;B
20240425;102802;1251.8;10;10207656530;B
20240425;102804;1251.8;22;10207657002;B
20240425;102808;1251.8;1;10207657545;B
20240425;102813;1251.8;2;10207658097;B
20240425;102813;1251.8;2;10207658103;B
20240425;102814;1251.8;6;10207658172;B
20240425;102817;1251.8;4;10207658674;B
20240425;102818;1251.8;5;10207658728;B
20240425;102818;1251.6;1;10207658756;S
20240425;102842;1251.8;1;10207661186;B
20240425;102844;1251.6;7;10207661466;S
20240425;102844;1251.6;2;10207661467;S
20240425;102844;1251.6;5;10207661468;S
20240425;102848;1251.8;5;10207661790;B
20240425;102855;1251.8;3;10207662624;B
20240425;102901;1251.8;7;10207663832;B
20240425;102903;1251.8;1;10207664018;B
20240425;102907;1251.8;20;10207665502;B
20240425;102917;1251.8;1;10207667203;B
20240425;102917;1251.8;306;10207667216;B
20240425;102921;1251.6;1;10207667727;S
20240425;102921;1251.6;1;10207667728;S
20240425;102921;1251.6;1;10207667729;S
20240425;102921;1251.6;1;10207667730;S
20240425;102921;1251.6;1;10207667731;S
20240425;102921;1251.6;1;10207667732;S
20240425;102921;1251.6;28;10207667733;S
20240425;102921;1251.6;15;10207667734;S
20240425;102924;1251.8;1;10207668250;B
20240425;102928;1251.8;3;10207668752;B
20240425;102930;1251.8;1;10207668968;B
20240425;102931;1251.8;1;10207669168;B
20240425;102931;1251.8;5;10207669268;B
20240425;102931;1251.8;5;10207669316;B
20240425;102939;1251.8;58;10207670789;B
20240425;102939;1251.8;20;10207670790;B
20240425;102939;1251.8;20;10207670791;B
20240425;102939;1251.8;5;10207670792;B
20240425;102939;1251.8;50;10207670793;B
20240425;102939;1251.8;2;10207670794;B
20240425;102939;1252;378;10207670795;B
20240425;102939;1252;50;10207670853;B
20240425;102940;1251.8;43;10207670950;S
20240425;102940;1251.8;43;10207670951;S
20240425;102940;1251.6;81;10207670952;S
20240425;102940;1251.6;50;10207670953;S
20240425;102940;1251.6;54;10207670954;S
20240425;102940;1251.6;79;10207670955;S
20240425;102940;1251.6;60;10207670956;S
20240425;102940;1251.4;13;10207670957;S
20240425;102940;1251.4;2;10207670958;S
20240425;102940;1251.4;79;10207670959;S
20240425;102940;1251.4;60;10207670960;S
20240425;102940;1251.2;1;10207670961;S
20240425;102940;1251.2;79;10207670962;S
20240425;102940;1251.2;143;10207670963;S
20240425;102940;1251;1;10207670964;S
20240425;102940;1251;1;10207670965;S
20240425;102940;1251;4;10207670966;S
20240425;102940;1251;1;10207670967;S
20240425;102940;1251;6;10207670968;S
20240425;102942;1251.6;1;10207671235;S
20240425;102946;1251.8;1;10207671541;B
20240425;102947;1251.8;12;10207671641;B
20240425;102947;1251.8;7;10207671642;B
20240425;102947;1252;46;10207671643;B
20240425;102950;1252;5;10207671983;B
20240425;102953;1252;1;10207672311;B
20240425;103002;1251.8;1;10207673367;S
20240425;103002;1252;5;10207673386;B
20240425;103007;1252;158;10207673918;B
20240425;103008;1252;1;10207674031;B
20240425;103012;1252;50;10207674537;B
20240425;103014;1251.8;2;10207674815;S
20240425;103014;1251.8;3;10207674816;S
20240425;103014;1251.8;5;10207674817;S
20240425;103014;1251.8;1;10207674818;S
20240425;103015;1252;20;10207674953;B
20240425;103017;1252;2;10207675136;B
20240425;103024;1251.8;1;10207676088;S
20240425;103028;1252;100;10207676669;B
20240425;103030;1251.6;1;10207676854;S
20240425;103030;1251.8;1;10207676859;B
20240425;103041;1251.8;1;10207678096;B
20240425;103051;1251.6;1;10207679138;S
20240425;103052;1251.6;1;10207679262;S
20240425;103052;1251.6;1;10207679263;S
20240425;103053;1251.6;1;10207679346;S
20240425;103053;1251.6;1;10207679347;S
20240425;103053;1251.6;1;10207679348;S
20240425;103053;1251.6;1;10207679349;S
20240425;103100;1251.8;2;10207679951;B
20240425;103101;1251.8;10;10207680149;B
20240425;103106;1251.8;5;10207680926;B
20240425;103109;1251.8;3;10207681158;B
20240425;103112;1251.8;1;10207681387;B
20240425;103114;1251.6;1;10207681556;S
20240425;103121;1251.8;4;10207682117;B
20240425;103121;1251.8;5;10207682136;B
20240425;103121;1251.8;28;10207682137;B
20240425;103122;1251.6;1;10207682259;S
20240425;103128;1251.8;1;10207682833;B
20240425;103133;1251.6;1;10207683415;S
20240425;103133;1251.6;1;10207683416;S
20240425;103133;1251.6;2;10207683417;S
20240425;103133;1251.6;1;10207683418;S
20240425;103133;1251.6;1;10207683419;S
20240425;103133;1251.6;96;10207683420;S
20240425;103133;1251.6;1;10207683421;S
20240425;103133;1251.6;1;10207683422;S
20240425;103133;1251.6;1;10207683423;S
20240425;103133;1251.6;2;10207683424;S
20240425;103133;1251.6;1;10207683425;S
20240425;103133;1251.6;1;10207683426;S
20240425;103133;1251.6;1;10207683427;S
20240425;103133;1251.6;1;10207683428;S
20240425;103133;1251.6;2;10207683429;S
20240425;103133;1251.6;1;10207683430;S
20240425;103133;1251.6;1;10207683431;S
20240425;103133;1251.6;1;10207683432;S
20240425;103133;1251.6;1;10207683433;S
20240425;103133;1251.6;1;10207683434;S
20240425;103133;1251.6;1;10207683435;S
20240425;103133;1251.6;1;10207683436;S
20240425;103133;1251.6;1;10207683437;S
20240425;103133;1251.6;1;10207683438;S
20240425;103133;1251.6;1;10207683439;S
20240425;103133;1251.6;2;10207683440;S
20240425;103133;1251.6;27;10207683441;S
20240425;103133;1251.6;1;10207683442;S
20240425;103133;1251.6;1;10207683443;S
20240425;103133;1251.6;6;10207683444;S
20240425;103133;1251.6;1;10207683445;S
20240425;103133;1251.6;1;10207683446;S
20240425;103133;1251.6;1;10207683447;S
20240425;103133;1251.6;1;10207683448;S
20240425;103133;1251.6;1;10207683449;S
20240425;103133;1251.6;1;10207683450;S
20240425;103133;1251.6;2;10207683451;S
20240425;103133;1251.6;3;10207683452;S
20240425;103133;1251.6;2;10207683453;S
20240425;103133;1251.6;1;10207683454;S
20240425;103133;1251.6;1;10207683455;S
20240425;103133;1251.6;2;10207683456;S
20240425;103133;1251.6;1;10207683457;S
20240425;103133;1251.6;1;10207683458;S
20240425;103133;1251.6;1;10207683459;S
20240425;103136;1251.6;2;10207683827;B
20240425;103137;1251.6;1;10207683949;B
20240425;103137;1251.6;2;10207683974;B
20240425;103139;1251.6;1;10207684092;B
20240425;103140;1251.4;44;10207684254;S
20240425;103140;1251.4;1;10207684255;S
20240425;103141;1251.6;1;10207684382;B
20240425;103144;1251.6;1;10207684736;B
20240425;103145;1251.4;2;10207684803;S
20240425;103145;1251.6;11;10207684827;B
20240425;103146;1251.4;1;10207684913;S
20240425;103147;1251.4;1;10207684969;S
20240425;103148;1251.6;1;10207685102;B
20240425;103148;1251.6;2;10207685108;B
20240425;103154;1251.6;1;10207685750;B
20240425;103158;1251.6;1;10207686080;B
20240425;103158;1251.6;60;10207686102;B
20240425;103201;1251.6;4;10207686412;B
20240425;103201;1251.6;1;10207686416;B
20240425;103201;1251.6;14;10207686466;B
20240425;103204;1251.6;10;10207686814;B
20240425;103206;1251.4;1;10207687172;S
20240425;103207;1251.4;29;10207687300;S
20240425;103207;1251.4;1;10207687301;S
20240425;103211;1251.6;1;10207687765;B
20240425;103214;1251.6;1;10207688154;B
20240425;103220;1251.4;79;10207688956;S
20240425;103220;1251.2;79;10207688966;S
20240425;103220;1251.2;13;10207688967;S
20240425;103220;1251.2;36;10207688968;S
20240425;103224;1251.2;4;10207689409;B
20240425;103227;1251.2;5;10207689912;B
20240425;103229;1251;1;10207690128;S
20240425;103230;1251.2;1;10207690337;B
20240425;103232;1251;5;10207690448;S
20240425;103232;1251;2;10207690449;S
20240425;103232;1251;5;10207690450;S
20240425;103232;1251;1;10207690451;S
20240425;103232;1251;1;10207690452;S
20240425;103232;1251;1;10207690453;S
20240425;103232;1251;1;10207690454;S
20240425;103232;1251;2;10207690455;S
20240425;103232;1251;10;10207690456;S
20240425;103232;1251;1;10207690457;S
20240425;103232;1251;11;10207690458;S
20240425;103236;1251.2;1;10207690852;B
20240425;103236;1251;4;10207690871;S
20240425;103239;1251;1;10207691131;S
20240425;103240;1251.2;9;10207691266;B
20240425;103241;1251;1;10207691413;S
20240425;103241;1251;1;10207691436;S
20240425;103244;1251;2;10207691954;S
20240425;103244;1251;1;10207691955;S
20240425;103244;1251;1;10207691956;S
20240425;103244;1251;1;10207691957;S
20240425;103246;1251.2;8;10207692098;B
20240425;103251;1251.2;11;10207692432;B
20240425;103254;1251;1;10207692815;S
20240425;103259;1251.2;1;10207693211;B
20240425;103301;1251.2;3;10207693423;B
20240425;103309;1251.2;5;10207694216;B
20240425;103310;1251.2;2;10207694310;B
20240425;103310;1251.2;5;10207694346;B
20240425;103314;1251;1;10207694739;S
20240425;103314;1251;1;10207694743;S
20240425;103314;1251;2;10207694747;S
20240425;103314;1251;1;10207694750;S
20240425;103314;1251;1;10207694751;S
20240425;103314;1251;1;10207694755;S
20240425;103314;1251;1;10207694767;S
20240425;103314;1251;1;10207694770;S
20240425;103314;1251;1;10207694797;S
20240425;103315;1251;1;10207694840;S
20240425;103315;1251;1;10207694853;S
20240425;103315;1251.2;3;10207694865;B
20240425;103315;1251;1;10207694895;S
20240425;103317;1251;1;10207695013;S
20240425;103321;1251.2;1;10207695448;B
20240425;103324;1251.2;6;10207695658;B
20240425;103332;1251;1;10207696441;S
20240425;103333;1251.2;2;10207696524;B
20240425;103334;1251;72;10207696543;S
20240425;103334;1251;100;10207696544;S
20240425;103334;1251;35;10207696545;S
20240425;103334;1251;4;10207696546;S
20240425;103336;1251;4;10207696711;B
20240425;103336;1251;2;10207696712;B
20240425;103337;1250.8;1;10207696866;S
20240425;103337;1251;1;10207696909;B
20240425;103338;1251;1;10207696947;B
20240425;103340;1250.8;1;10207697134;S
20240425;103340;1251;5;10207697166;B
20240425;103346;1251;1;10207697561;B
20240425;103348;1250.8;1;10207697740;S
20240425;103349;1250.8;1;10207697787;S
20240425;103350;1250.8;1;10207697913;S
20240425;103351;1250.8;1;10207698098;S
20240425;103353;1250.8;1;10207698248;S
20240425;103403;1250.8;4;10207699087;S
20240425;103403;1250.8;10;10207699088;S
20240425;103403;1250.8;2;10207699089;S
20240425;103409;1250.8;1;10207699554;B
20240425;103409;1250.8;1;10207699563;B
20240425;103412;1250.8;1;10207700000;B
20240425;103413;1250.8;2;10207700096;B
20240425;103419;1250.8;46;10207700594;B
20240425;103423;1250.8;2;10207700939;B
20240425;103424;1250.8;100;10207701008;B
20240425;103440;1250.8;3;10207702324;B
20240425;103444;1250.6;1;10207702729;S
20240425;103444;1250.6;1;10207702730;S
20240425;103444;1250.6;1;10207702731;S
20240425;103444;1250.6;5;10207702732;S
20240425;103444;1250.8;10;10207702752;B
20240425;103445;1250.6;1;10207702904;S
20240425;103446;1250.8;5;10207702936;B
20240425;103448;1250.8;2;10207703085;B
20240425;103452;1250.6;1;10207703476;S
20240425;103500;1250.6;1;10207704251;S
20240425;103501;1250.8;1;10207704283;B
20240425;103504;1250.6;1;10207704484;S
20240425;103506;1250.6;11;10207704728;S
20240425;103506;1250.6;4;10207704729;S
20240425;103506;1250.6;1;10207704730;S
20240425;103506;1250.6;1;10207704731;S
20240425;103506;1250.6;25;10207704732;S
20240425;103506;1250.6;79;10207704733;S
20240425;103506;1250.6;1;10207704734;S
20240425;103506;1250.6;20;10207704735;S
20240425;103506;1250.6;20;10207704736;S
20240425;103506;1250.6;19;10207704737;S
20240425;103506;1250.4;619;10207704738;S
20240425;103510;1250.6;1;10207705102;B
20240425;103512;1250.4;1;10207705366;S
20240425;103512;1250.6;7;10207705374;B
20240425;103518;1250.6;3;10207705764;B
20240425;103528;1250.6;1;10207706640;B
20240425;103532;1250.6;1;10207707043;B
20240425;103534;1250.4;1;10207707353;S
20240425;103537;1250.4;55;10207707607;S
20240425;103538;1250.6;10;10207707636;B
20240425;103545;1250.6;2;10207708187;B
20240425;103545;1250.6;1;10207708213;B
20240425;103545;1250.4;45;10207708229;S
20240425;103550;1250.6;1;10207708655;B
20240425;103554;1250.4;80;10207708968;S
20240425;103557;1250.6;2;10207709257;B
20240425;103600;1250.6;40;10207709470;B
20240425;103609;1250.6;50;10207710288;B
20240425;103609;1250.6;8;10207710289;B
20240425;103609;1250.6;96;10207710290;B
20240425;103609;1250.6;160;10207710291;B
20240425;103611;1250.6;1;10207710499;S
20240425;103619;1250.6;1;10207711100;S
20240425;103619;1250.6;1;10207711102;S
20240425;103619;1250.6;1;10207711127;S
20240425;103619;1250.6;1;10207711128;S
20240425;103619;1250.6;1;10207711130;S
20240425;103619;1250.6;1;10207711131;S
20240425;103619;1250.6;1;10207711133;S
20240425;103619;1250.6;1;10207711134;S
20240425;103619;1250.6;1;10207711136;S
20240425;103620;1250.6;1;10207711152;S
20240425;103620;1250.6;1;10207711153;S
20240425;103620;1250.6;4;10207711157;S
20240425;103620;1250.6;1;10207711158;S
20240425;103620;1250.6;25;10207711159;S
20240425;103620;1250.6;1;10207711160;S
20240425;103620;1250.6;1;10207711161;S
20240425;103620;1250.6;1;10207711170;S
20240425;103620;1250.6;1;10207711171;S
20240425;103620;1250.6;3;10207711191;S
20240425;103621;1250.6;1;10207711207;S
20240425;103621;1250.6;1;10207711221;S
20240425;103621;1250.6;1;10207711223;S
20240425;103621;1250.6;1;10207711247;S
20240425;103621;1250.6;2;10207711249;S
20240425;103621;1250.6;1;10207711251;S
20240425;103621;1250.6;1;10207711253;S
20240425;103621;1250.6;1;10207711254;S
20240425;103621;1250.6;1;10207711255;S
20240425;103621;1250.6;1;10207711257;S
20240425;103622;1250.6;1;10207711308;S
20240425;103622;1250.6;1;10207711311;S
20240425;103622;1250.6;1;10207711312;S
20240425;103622;1250.6;1;10207711313;S
20240425;103622;1250.6;1;10207711314;S
20240425;103622;1250.6;1;10207711363;S
20240425;103622;1250.6;1;10207711379;S
20240425;103622;1250.6;1;10207711391;S
20240425;103623;1250.6;1;10207711423;S
20240425;103623;1250.6;1;10207711447;S
20240425;103623;1250.6;1;10207711469;S
20240425;103623;1250.6;1;10207711470;S
20240425;103623;1250.6;1;10207711471;S
20240425;103636;1250.8;1;10207712814;B
20240425;103637;1250.8;8;10207712869;B
20240425;103638;1250.8;30;10207712962;B
20240425;103650;1250.8;3;10207713838;B
20240425;103650;1250.8;5;10207713906;B
20240425;103651;1250.8;1;10207713969;B
20240425;103657;1250.8;5;10207714829;B
20240425;103701;1250.6;3;10207715295;S
20240425;103712;1250.8;60;10207716783;B
20240425;103712;1250.8;1;10207716867;B
20240425;103713;1250.8;1;10207716961;B
20240425;103714;1250.8;2;10207717072;B
20240425;103718;1250.8;50;10207717412;B
20240425;103718;1250.8;11;10207717413;B
20240425;103718;1250.8;40;10207717414;B
20240425;103718;1250.8;2;10207717415;B
20240425;103721;1250.8;1;10207717690;S
20240425;103729;1251;1;10207719387;B
20240425;103733;1251;1;10207720666;B
20240425;103733;1251;2;10207720667;B
20240425;103733;1251;10;10207720668;B
20240425;103733;1251;22;10207720669;B
20240425;103738;1251;5;10207721402;B
20240425;103743;1251;145;10207722133;B
20240425;103743;1251;24;10207722134;B
20240425;103743;1251.2;1;10207722148;B
20240425;103747;1251;5;10207722571;S
20240425;103750;1251.2;1;10207723033;B
20240425;103755;1251;1;10207723666;S
20240425;103756;1251;1;10207723771;S
20240425;103757;1251.2;1;10207723851;B
20240425;103759;1251;5;10207723995;S
20240425;103800;1251.2;5;10207724100;B
20240425;103803;1251.2;1;10207724630;B
20240425;103803;1251.2;1;10207724692;B
20240425;103811;1251.2;2;10207725743;B
20240425;103813;1251.2;1;10207725942;B
20240425;103813;1251.2;24;10207725943;B
20240425;103823;1251.2;1;10207726811;B
20240425;103833;1251.2;2;10207727843;B
20240425;103835;1251.2;1;10207728029;B
20240425;103839;1251.2;1;10207728404;B
20240425;103842;1251.2;1;10207728626;B
20240425;103846;1251.2;3;10207728986;B
20240425;103847;1251;7;10207729049;S
20240425;103849;1251.2;4;10207729209;B
20240425;103851;1251.2;4;10207729343;B
20240425;103853;1251.2;1;10207729583;B
20240425;103858;1251;1;10207730035;S
20240425;103900;1251;60;10207730181;S
20240425;103903;1251;1;10207730509;S
20240425;103908;1251;9;10207731230;S
20240425;103910;1251;27;10207731320;S
20240425;103913;1251.2;1;10207731612;B
20240425;103919;1251.2;1;10207732041;B
20240425;103920;1251.2;9;10207732132;B
20240425;103926;1251.2;1;10207733070;B
20240425;103928;1251.2;17;10207733217;B
20240425;103929;1251.2;11;10207733278;B
20240425;103934;1251.6;2;10207734721;B
20240425;103942;1251.6;5;10207735575;B
20240425;103948;1251.6;835;10207736420;B
20240425;103948;1251.6;1;10207736421;B
20240425;103948;1251.6;75;10207736422;B
20240425;103948;1251.6;31;10207736423;B
20240425;103948;1251.6;60;10207736424;B
20240425;103948;1251.8;77;10207736425;B
20240425;103948;1251.8;143;10207736426;B
20240425;103948;1252;342;10207736427;B
20240425;103949;1252;1;10207736648;B
20240425;103955;1252;1;10207737294;B
20240425;103956;1251.8;30;10207737317;S
20240425;104000;1251.8;1;10207737824;S
20240425;104002;1252;16;10207738041;B
20240425;104010;1252;6;10207738813;B
20240425;104010;1252;9;10207738814;B
20240425;104010;1252;4;10207738815;B
20240425;104010;1252;4;10207738816;B
20240425;104010;1252;130;10207738817;B
20240425;104010;1252;1;10207738818;B
20240425;104011;1252.4;1;10207738932;S
20240425;104024;1252.6;1;10207740154;B
20240425;104028;1252.6;1;10207740460;B
20240425;104034;1252.6;5;10207741068;B
20240425;104034;1252.4;1;10207741070;S
20240425;104034;1252.4;1;10207741071;S
20240425;104034;1252.4;1;10207741072;S
20240425;104034;1252.4;1;10207741073;S
20240425;104034;1252.4;1;10207741074;S
20240425;104034;1252.4;1;10207741075;S
20240425;104034;1252.4;1;10207741076;S
20240425;104034;1252.4;1;10207741077;S
20240425;104034;1252.4;1;10207741078;S
20240425;104034;1252.4;16;10207741079;S
20240425;104037;1252.2;1;10207741421;S
20240425;104037;1252.2;1;10207741422;S
20240425;104037;1252;33;10207741423;S
20240425;104046;1252.2;96;10207742267;B
20240425;104046;1252.4;39;10207742268;B
20240425;104046;1252.2;2;10207742327;S
20240425;104051;1252.2;3;10207742927;S
20240425;104058;1252.4;1;10207743792;B
20240425;104105;1252.4;1;10207744359;B
20240425;104111;1252.4;1;10207744838;B
20240425;104116;1252.4;2;10207745280;B
20240425;104116;1252.2;30;10207745322;S
20240425;104118;1252.4;8;10207745529;B
20240425;104119;1252.2;5;10207745593;S
20240425;104123;1252.4;2;10207745931;B
20240425;104127;1252.4;20;10207746292;B
20240425;104129;1252.4;2;10207746541;B
20240425;104131;1252.4;11;10207746765;B
20240425;104135;1252.2;1;10207747135;S
20240425;104136;1252.4;5;10207747259;B
20240425;104141;1252.2;21;10207747645;S
20240425;104141;1252.2;9;10207747646;S
20240425;104144;1252.4;50;10207748053;B
20240425;104147;1252.4;6;10207748347;B
20240425;104149;1252.4;38;10207748539;B
20240425;104153;1252.4;10;10207748952;B
20240425;104154;1252.4;1;10207749020;B
20240425;104156;1252.4;4;10207749260;B
20240425;104159;1252.2;1;10207749566;S
20240425;104159;1252.2;1;10207749567;S
20240425;104206;1252.2;1;10207750483;B
20240425;104206;1252.2;1;10207750495;B
20240425;104216;1252.2;1;10207751342;B
20240425;104217;1252.2;78;10207751472;B
20240425;104220;1252.2;1;10207751586;B
20240425;104225;1252.2;10;10207752092;B
20240425;104235;1252.2;1;10207752954;B
20240425;104245;1252;30;10207753805;S
20240425;104246;1252.2;12;10207753938;B
20240425;104252;1252.2;4;10207754421;B
20240425;104314;1252.2;2;10207756420;B
20240425;104314;1252;1;10207756441;S
20240425;104314;1252;1;10207756443;S
20240425;104320;1252.2;2;10207756945;B
20240425;104322;1252.2;100;10207757079;B
20240425;104323;1252;1;10207757129;S
20240425;104333;1252.2;1;10207758454;B
20240425;104339;1252.2;1;10207759051;B
20240425;104339;1252;2780;10207759132;S
20240425;104339;1252;1;10207759133;S
20240425;104339;1252;1;10207759134;S
20240425;104339;1252;1;10207759135;S
20240425;104339;1252;11;10207759136;S
20240425;104339;1252;5;10207759137;S
20240425;104339;1252;60;10207759138;S
20240425;104339;1252;100;10207759139;S
20240425;104339;1252;20;10207759140;S
20240425;104339;1252;2;10207759141;S
20240425;104339;1252;14;10207759142;S
20240425;104339;1251.8;13;10207759143;S
20240425;104339;1251.8;1;10207759144;S
20240425;104339;1251.4;60;10207759145;S
20240425;104339;1251.2;189;10207759146;S
20240425;104339;1251.2;79;10207759147;S
20240425;104339;1251.2;600;10207759148;S
20240425;104339;1251.2;2;10207759149;S
20240425;104339;1251.2;143;10207759150;S
20240425;104339;1251;714;10207759151;S
20240425;104339;1251;1;10207759152;S
20240425;104339;1251;2;10207759153;S
20240425;104339;1251;1;10207759154;S
20240425;104339;1251;1;10207759155;S
20240425;104339;1251;79;10207759156;S
20240425;104339;1251;4;10207759157;S
20240425;104339;1251;2;10207759158;S
20240425;104339;1251;60;10207759159;S
20240425;104339;1251;40;10207759160;S
20240425;104339;1251;37;10207759161;S
20240425;104339;1250.8;96;10207759162;S
20240425;104339;1250.8;1;10207759163;S
20240425;104339;1250.8;1;10207759164;S
20240425;104339;1250.8;800;10207759165;S
20240425;104339;1250.8;79;10207759166;S
20240425;104341;1250.8;1;10207759484;S
20240425;104341;1250.8;1;10207759485;S
20240425;104341;1250.8;23;10207759486;S
20240425;104343;1250.8;130;10207759618;S
20240425;104343;1250.8;1;10207759675;S
20240425;104344;1251;1;10207759743;B
20240425;104346;1251;1;10207759901;B
20240425;104347;1251;49;10207759967;B
20240425;104358;1251;4;10207760853;B
20240425;104358;1251;5;10207760888;B
20240425;104410;1251;20;10207761975;B
20240425;104418;1250.8;1;10207762741;S
20240425;104418;1250.8;38;10207762791;S
20240425;104418;1250.8;15;10207762797;S
20240425;104426;1251;5;10207763274;B
20240425;104429;1251;5;10207763638;B
20240425;104434;1250.8;5;10207763936;S
20240425;104437;1250.8;1;10207764158;S
20240425;104442;1250.8;2;10207764514;S
20240425;104442;1250.8;20;10207764592;S
20240425;104444;1250.8;9;10207764829;S
20240425;104448;1251;4;10207765261;B
20240425;104448;1251;203;10207765389;B
20240425;104448;1251;91;10207765390;B
20240425;104448;1251;68;10207765391;B
20240425;104450;1251.2;1;10207765604;B
20240425;104451;1251.2;130;10207765709;B
20240425;104451;1251.4;13;10207765710;B
20240425;104451;1251.4;143;10207765711;B
20240425;104451;1251.4;68;10207765712;B
20240425;104451;1251.6;79;10207765713;B
20240425;104451;1251.6;60;10207765714;B
20240425;104451;1251.6;2;10207765715;B
20240425;104451;1251.8;79;10207765716;B
20240425;104451;1252;79;10207765717;B
20240425;104451;1252;4;10207765718;B
20240425;104451;1252;60;10207765719;B
20240425;104451;1252.2;160;10207765720;B
20240425;104451;1252.2;224;10207765721;B
20240425;104451;1252.2;216;10207765722;B
20240425;104451;1252.2;160;10207765723;B
20240425;104451;1252.2;23;10207765724;B
20240425;104459;1251.8;4;10207766393;B
20240425;104504;1251.6;5;10207766844;S
20240425;104511;1251.4;1;10207767387;S
20240425;104511;1251.4;66;10207767483;S
20240425;104511;1251.2;13;10207767484;S
20240425;104511;1251.2;51;10207767485;S
20240425;104511;1251.2;60;10207767587;S
20240425;104511;1251.2;70;10207767588;S
20240425;104521;1251.2;1;10207769036;B
20240425;104523;1251.2;3;10207769174;B
20240425;104532;1251;1;10207771347;S
20240425;104535;1251.2;10;10207771741;B
20240425;104547;1251;80;10207772775;S
20240425;104550;1251.2;60;10207772907;B
20240425;104552;1251.2;10;10207773164;B
20240425;104552;1251.2;5;10207773170;B
20240425;104552;1251.2;1;10207773215;B
20240425;104557;1251;130;10207773716;S
20240425;104557;1251;130;10207773876;S
20240425;104605;1251;1;10207775113;S
20240425;104606;1251.2;1;10207775516;B
20240425;104606;1251.2;1;10207775517;B
20240425;104607;1251.2;1;10207775692;B
20240425;104613;1251.2;1;10207776880;B
20240425;104617;1251;20;10207777231;S
20240425;104618;1251.2;9;10207777286;B
20240425;104620;1251.2;1;10207777581;B
20240425;104628;1251;2;10207778231;S
20240425;104637;1251.2;1;10207779009;B
20240425;104639;1251;1;10207779140;S
20240425;104640;1251;162;10207779237;S
20240425;104643;1251.2;2;10207779563;B
20240425;104646;1251.2;1;10207779776;B
20240425;104653;1251;111;10207780655;S
20240425;104653;1251;2;10207780656;S
20240425;104653;1251;8;10207780657;S
20240425;104653;1251;9;10207780658;S
20240425;104700;1251;3;10207781539;S
20240425;104700;1251;2;10207781540;S
20240425;104700;1251;1;10207781541;S
20240425;104700;1251;7;10207781542;S
20240425;104700;1251;1;10207781543;S
20240425;104700;1251;2;10207781544;S
20240425;104700;1251;2;10207781545;S
20240425;104700;1251;1;10207781546;S
20240425;104700;1251;1;10207781547;S
20240425;104701;1251.2;2;10207781675;B
20240425;104702;1251;12;10207781836;S
20240425;104709;1251;7;10207782604;S
20240425;104709;1251;1;10207782605;S
20240425;104709;1251;2;10207782606;S
20240425;104712;1251;6;10207782846;S
20240425;104713;1251;1;10207782968;B
20240425;104717;1250.8;1;10207783419;S
20240425;104719;1250.8;68;10207783636;S
20240425;104719;1250.8;1;10207783637;S
20240425;104719;1250.8;1;10207783638;S
20240425;104719;1250.8;60;10207783639;S
20240425;104720;1250.8;60;10207783751;S
20240425;104720;1250.8;20;10207783752;S
20240425;104720;1250.8;50;10207783753;S
20240425;104723;1250.6;130;10207784320;S
20240425;104725;1250.8;1;10207784550;B
20240425;104729;1250.8;20;10207785057;B
20240425;104729;1250.6;350;10207785084;S
20240425;104731;1250.6;5;10207785198;S
20240425;104740;1250.8;1;10207786403;B
20240425;104740;1250.6;1;10207786488;S
20240425;104744;1250.6;3;10207786839;S
20240425;104750;1250.6;1;10207787743;S
20240425;104756;1250.6;1;10207788361;S
20240425;104802;1250.8;2;10207789304;B
20240425;104802;1251;1;10207789305;B
20240425;104802;1251;11;10207789306;B
20240425;104802;1251;1;10207789307;B
20240425;104802;1251;18;10207789308;B
20240425;104806;1250.8;1;10207789670;B
20240425;104806;1251;3;10207789671;B
20240425;104812;1250.8;10;10207790295;S
20240425;104815;1250.8;40;10207790502;S
20240425;104817;1250.8;1;10207790777;S
20240425;104819;1251;1;10207791178;B
20240425;104819;1251;100;10207791195;B
20240425;104820;1251;1;10207791303;B
20240425;104823;1251;20;10207791616;B
20240425;104823;1251;9;10207791618;B
20240425;104831;1251;3;10207792416;B
20240425;104836;1251;1;10207792876;B
20240425;104841;1251;8;10207793282;B
20240425;104841;1251;20;10207793283;B
20240425;104841;1251;62;10207793284;B
20240425;104842;1250.8;1;10207793362;S
20240425;104844;1250.8;10;10207793498;S
20240425;104848;1251.2;2;10207794068;B
20240425;104849;1251;6;10207794153;S
20240425;104855;1251;3;10207794860;B
20240425;104855;1251;1;10207794861;B
20240425;104855;1251.2;2;10207794862;B
20240425;104902;1251;15;10207795608;S
20240425;104903;1251.2;1;10207795660;B
20240425;104905;1251;1;10207795816;S
20240425;104907;1251.2;4;10207796009;B
20240425;104907;1251;2;10207796096;S
20240425;104910;1251.2;1;10207796443;B
20240425;104910;1251.2;1;10207796446;B
20240425;104911;1251.2;1;10207796553;B
20240425;104920;1251;7;10207797375;S
20240425;104923;1251.2;1;10207797781;B
20240425;104924;1251.2;2;10207797828;B
20240425;104927;1251;39;10207798182;S
20240425;104933;1251.2;5;10207798695;B
20240425;104941;1251.2;2;10207799650;B
20240425;104942;1251;1;10207799663;S
20240425;104955;1251.2;3;10207801302;B
20240425;104957;1251.2;3;10207801555;B
20240425;105001;1251.2;2;10207801841;B
20240425;105001;1251.2;17;10207801842;B
20240425;105017;1251;1;10207803267;S
20240425;105019;1251;1;10207803644;S
20240425;105022;1251.2;10;10207803860;B
20240425;105031;1251.2;1;10207804589;B
20240425;105032;1251;29;10207804720;S
20240425;105032;1251;1;10207804721;S
20240425;105032;1251;1;10207804722;S
20240425;105032;1251;1;10207804723;S
20240425;105032;1251;1;10207804724;S
20240425;105032;1251;1;10207804725;S
20240425;105032;1251;1;10207804726;S
20240425;105032;1251;1;10207804727;S
20240425;105032;1251;1;10207804728;S
20240425;105032;1251;33;10207804729;S
20240425;105037;1251.2;2;10207805216;B
20240425;105039;1251;1;10207805317;S
20240425;105040;1251;8;10207805380;S
20240425;105041;1251.2;10;10207805438;B
20240425;105046;1251;14;10207805873;S
20240425;105047;1251;20;10207805891;S
20240425;105048;1251;35;10207806069;S
20240425;105049;1251.2;10;10207806237;B
20240425;105053;1251;99;10207806607;S
20240425;105059;1251;144;10207807014;S
20240425;105117;1251.2;2;10207809161;B
20240425;105117;1251;1;10207809207;S
20240425;105127;1251.2;5;10207810409;B
20240425;105128;1251.2;1;10207810520;B
20240425;105129;1251.2;4;10207810638;B
20240425;105130;1251;80;10207810715;S
20240425;105135;1251.2;2;10207811124;B
20240425;105137;1251;1;10207811317;S
20240425;105145;1251.2;1;10207812072;B
20240425;105152;1251.2;4;10207813004;B
20240425;105156;1251.2;1;10207813332;B
20240425;105202;1251.2;1;10207813792;B
20240425;105202;1251.2;2;10207813901;B
20240425;105214;1251.2;1;10207815247;B
20240425;105215;1251;120;10207815341;S
20240425;105240;1251;1;10207817185;S
20240425;105240;1251.2;1;10207817208;B
20240425;105246;1251.2;5;10207817641;B
20240425;105247;1251;20;10207817719;S
20240425;105252;1251;5;10207818224;S
20240425;105252;1251;2;10207818271;S
20240425;105255;1251;10;10207818444;S
20240425;105256;1251;406;10207818524;S
20240425;105256;1251;1;10207818525;S
20240425;105256;1251;8;10207818526;S
20240425;105256;1251;5;10207818527;S
20240425;105256;1251;2;10207818528;S
20240425;105256;1251;50;10207818529;S
20240425;105256;1251;1;10207818530;S
20240425;105256;1251;2;10207818531;S
20240425;105256;1251;3;10207818532;S
20240425;105256;1251;10;10207818533;S
20240425;105256;1251;2;10207818534;S
20240425;105256;1250.8;2;10207818535;S
20240425;105256;1250.8;25;10207818536;S
20240425;105256;1250.8;69;10207818537;S
20240425;105256;1250.8;5;10207818538;S
20240425;105256;1250.8;60;10207818539;S
20240425;105256;1250.6;119;10207818540;S
20240425;105256;1250.6;10;10207818541;S
20240425;105256;1250.6;1;10207818542;S
20240425;105256;1250.8;130;10207818543;S
20240425;105256;1251;1;10207818544;B
20240425;105309;1250.8;7;10207819798;B
20240425;105320;1250.6;19;10207821452;S
20240425;105320;1250.6;231;10207821453;S
20240425;105322;1250.6;4;10207821664;S
20240425;105323;1250.6;30;10207821802;S
20240425;105331;1250.8;5;10207822679;B
20240425;105337;1250.8;3;10207823406;B
20240425;105337;1250.8;8;10207823453;B
20240425;105344;1250.6;1;10207824564;S
20240425;105348;1250.8;1;10207825329;B
20240425;105350;1250.8;1;10207825659;B
20240425;105350;1250.8;1;10207825666;B
20240425;105351;1250.8;5;10207825744;B
20240425;105355;1250.6;40;10207826195;S
20240425;105406;1250.6;4;10207827409;S
20240425;105406;1250.8;13;10207827430;B
20240425;105417;1250.6;1;10207828576;S
20240425;105419;1250.6;689;10207828735;S
20240425;105419;1250.6;10;10207828736;S
20240425;105419;1250.6;20;10207828737;S
20240425;105419;1250.6;1;10207828738;S
20240425;105419;1250.6;1;10207828739;S
20240425;105419;1250.6;2;10207828740;S
20240425;105419;1250.6;3;10207828741;S
20240425;105419;1250.6;817;10207828742;S
20240425;105420;1250.6;2;10207828746;S
20240425;105421;1250.6;2;10207828914;S
20240425;105422;1250.6;2;10207828943;S
20240425;105423;1250.6;5;10207829030;S
20240425;105423;1250.6;3;10207829103;S
20240425;105424;1250.6;5;10207829209;S
20240425;105424;1250.8;4;10207829278;B
20240425;105424;1250.6;4;10207829279;S
20240425;105431;1250.6;1;10207829912;S
20240425;105432;1250.6;159;10207829933;S
20240425;105432;1250.6;1;10207829934;S
20240425;105432;1250.6;1;10207829935;S
20240425;105432;1250.6;1;10207829936;S
20240425;105432;1250.6;1;10207829937;S
20240425;105432;1250.6;1;10207829938;S
20240425;105432;1250.6;1;10207829939;S
20240425;105432;1250.6;1;10207829940;S
20240425;105432;1250.6;1;10207829941;S
20240425;105432;1250.6;1;10207829942;S
20240425;105432;1250.6;1;10207829943;S
20240425;105432;1250.6;1;10207829944;S
20240425;105432;1250.6;1;10207829945;S
20240425;105432;1250.6;1;10207829946;S
20240425;105432;1250.4;428;10207829947;S
20240425;105432;1250.4;53;10207829948;S
20240425;105432;1250.6;1;10207829953;B
20240425;105432;1250.6;1;10207829954;B
20240425;105432;1250.6;1;10207829955;B
20240425;105432;1250.6;1;10207829964;B
20240425;105432;1250.6;1;10207829969;B
20240425;105432;1250.6;1;10207829970;B
20240425;105432;1250.6;1;10207829976;B
20240425;105432;1250.6;1;10207829977;B
20240425;105433;1250.4;200;10207830077;S
20240425;105447;1250.4;8;10207831534;S
20240425;105448;1250.6;1;10207831548;B
20240425;105459;1250.4;790;10207832852;S
20240425;105459;1250.4;20;10207832854;S
20240425;105459;1250.4;40;10207832855;S
20240425;105502;1250.4;2;10207833238;S
20240425;105507;1250.6;1;10207833751;B
20240425;105512;1250.6;100;10207834318;B
20240425;105516;1250.4;5;10207834650;S
20240425;105529;1250.4;38;10207835891;S
20240425;105529;1250.4;1;10207835892;S
20240425;105529;1250.4;1;10207835893;S
20240425;105529;1250.4;2;10207835894;S
20240425;105529;1250.4;1;10207835895;S
20240425;105529;1250.4;5;10207835896;S
20240425;105529;1250.4;2;10207835897;S
20240425;105529;1250.4;7;10207835898;S
20240425;105529;1250.4;200;10207835899;S
20240425;105529;1250.4;1;10207835900;S
20240425;105529;1250.4;11;10207835901;S
20240425;105529;1250.4;2;10207835902;S
20240425;105529;1250.4;17;10207835903;S
20240425;105529;1250.4;1;10207835904;S
20240425;105529;1250.4;5;10207835905;S
20240425;105529;1250.4;100;10207835906;S
20240425;105529;1250.4;3;10207835907;S
20240425;105529;1250.4;1;10207835908;S
20240425;105529;1250.4;1;10207835909;S
20240425;105529;1250.4;80;10207835910;S
20240425;105529;1250.4;2;10207835911;S
20240425;105529;1250.4;1;10207835912;S
20240425;105529;1250.4;6;10207835913;S
20240425;105529;1250.4;8;10207835914;S
20240425;105529;1250.4;1;10207835915;S
20240425;105529;1250.4;30;10207835916;S
20240425;105529;1250.4;1;10207835917;S
20240425;105529;1250.4;6;10207835918;S
20240425;105529;1250.4;1;10207835919;S
20240425;105529;1250.4;1;10207835920;S
20240425;105529;1250.4;2;10207835921;S
20240425;105529;1250.4;20;10207835922;S
20240425;105529;1250.4;76;10207835923;S
20240425;105529;1250.2;4;10207835924;S
20240425;105529;1250.2;1;10207835925;S
20240425;105529;1250.2;1;10207835926;S
20240425;105529;1250.2;41;10207835927;S
20240425;105529;1250.2;1;10207835928;S
20240425;105529;1250.2;1;10207835929;S
20240425;105529;1250.2;13;10207835930;S
20240425;105529;1250.2;1;10207835931;S
20240425;105529;1250.2;137;10207835932;S
20240425;105529;1250.2;60;10207835933;S
20240425;105529;1250;7;10207835934;S
20240425;105529;1250;25;10207835935;S
20240425;105529;1250;5;10207835936;S
20240425;105529;1250;1;10207835937;S
20240425;105529;1250;55;10207835938;S
20240425;105529;1250;1;10207835939;S
20240425;105529;1250;3;10207835940;S
20240425;105529;1250;5;10207835941;S
20240425;105529;1250;20;10207835942;S
20240425;105529;1250;15;10207835943;S
20240425;105529;1250;24;10207835944;S
20240425;105529;1250;10;10207835945;S
20240425;105529;1250;80;10207835946;S
20240425;105529;1250;1;10207835947;S
20240425;105529;1250;1;10207835948;S
20240425;105529;1250;1;10207835949;S
20240425;105529;1250;4;10207835950;S
20240425;105529;1250;10;10207835951;S
20240425;105529;1250;5;10207835952;S
20240425;105529;1250;2;10207835953;S
20240425;105529;1250;1;10207835954;S
20240425;105529;1250;5;10207835955;S
20240425;105529;1250;1;10207835956;S
20240425;105529;1250;5;10207835957;S
20240425;105529;1250;5;10207835958;S
20240425;105529;1250;10;10207835959;S
20240425;105529;1250;2;10207835960;S
20240425;105529;1250;10;10207835961;S
20240425;105529;1250;20;10207835962;S
20240425;105529;1250;9;10207835963;S
20240425;105529;1250;1;10207835964;S
20240425;105529;1250;1;10207835965;S
20240425;105529;1250;5;10207835966;S
20240425;105529;1250;200;10207835967;S
20240425;105529;1250;1;10207835968;S
20240425;105529;1250;8;10207835969;S
20240425;105529;1250;1;10207835970;S
20240425;105529;1250;1;10207835971;S
20240425;105529;1250;1;10207835972;S
20240425;105529;1250;5;10207835973;S
20240425;105529;1250;2;10207835974;S
20240425;105529;1250;1;10207835975;S
20240425;105529;1250;36;10207835976;S
20240425;105529;1250;1;10207835977;S
20240425;105529;1250;2;10207835978;S
20240425;105529;1250;1;10207835979;S
20240425;105529;1250;1;10207835980;S
20240425;105529;1250;28;10207835981;S
20240425;105529;1250;4;10207835982;S
20240425;105529;1250;1;10207835983;S
20240425;105529;1250;10;10207835984;S
20240425;105529;1250;1;10207835985;S
20240425;105529;1250;28;10207835986;S
20240425;105529;1250;1;10207835987;S
20240425;105529;1250;1;10207835988;S
20240425;105529;1250;1;10207835989;S
20240425;105529;1250;1;10207835990;S
20240425;105529;1250;1;10207835991;S
20240425;105529;1250;5;10207835992;S
20240425;105529;1250;1;10207835993;S
20240425;105529;1250;10;10207835994;S
20240425;105529;1250;1;10207835995;S
20240425;105529;1250;1;10207835996;S
20240425;105529;1250;10;10207835997;S
20240425;105529;1250;5;10207835998;S
20240425;105529;1250;1;10207835999;S
20240425;105529;1250;1;10207836000;S
20240425;105529;1250;1;10207836001;S
20240425;105529;1250;2;10207836002;S
20240425;105529;1250;1;10207836003;S
20240425;105529;1250;5;10207836004;S
20240425;105529;1250;2;10207836005;S
20240425;105529;1250;1;10207836006;S
20240425;105529;1250;10;10207836007;S
20240425;105529;1250;1;10207836008;S
20240425;105529;1250;1;10207836009;S
20240425;105529;1250;1;10207836010;S
20240425;105529;1250;1;10207836011;S
20240425;105529;1250;10;10207836012;S
20240425;105529;1250;1;10207836013;S
20240425;105529;1250;68;10207836014;S
20240425;105529;1250.2;73;10207836015;B
20240425;105529;1250.2;27;10207836016;B
20240425;105529;1250.2;100;10207836017;B
20240425;105529;1250;1;10207836019;S
20240425;105530;1250.2;16;10207836067;B
20240425;105530;1250.2;13;10207836068;B
20240425;105530;1250;31;10207836071;S
20240425;105530;1250;34;10207836072;S
20240425;105545;1250;45;10207837492;S
20240425;105545;1250;1;10207837493;S
20240425;105545;1250;1;10207837494;S
20240425;105545;1250;1;10207837495;S
20240425;105558;1250;24;10207838471;S
20240425;105601;1250;1;10207838721;S
20240425;105601;1250;3;10207838770;S
20240425;105603;1250.2;4;10207839352;B
20240425;105616;1250.2;1;10207840814;B
20240425;105619;1250.2;8;10207841224;B
20240425;105625;1250;1;10207841834;S
20240425;105630;1250.2;20;10207843201;B
20240425;105633;1250.2;2;10207843788;B
20240425;105633;1250.2;1;10207843789;B
20240425;105636;1250;5;10207844032;S
20240425;105637;1250.2;5;10207844145;B
20240425;105641;1250.2;1;10207844730;B
20240425;105644;1250;6;10207845026;S
20240425;105644;1250;3;10207845027;S
20240425;105644;1250;10;10207845028;S
20240425;105644;1250;5;10207845029;S
20240425;105644;1250;1;10207845030;S
20240425;105644;1250;2;10207845031;S
20240425;105644;1250;1;10207845032;S
20240425;105644;1250;16;10207845033;S
20240425;105644;1250;2;10207845034;S
20240425;105644;1250;5;10207845035;S
20240425;105644;1250;4;10207845036;S
20240425;105644;1250;3;10207845037;S
20240425;105644;1250;10;10207845038;S
20240425;105644;1250;1;10207845039;S
20240425;105644;1250;7;10207845040;S
20240425;105644;1250;1;10207845041;S
20240425;105644;1250;15;10207845042;S
20240425;105644;1250;2;10207845043;S
20240425;105644;1250;1;10207845044;S
20240425;105644;1250;3;10207845045;S
20240425;105644;1250;1;10207845046;S
20240425;105644;1250;5;10207845047;S
20240425;105644;1250;5;10207845048;S
20240425;105644;1250;24;10207845049;S
20240425;105644;1249.8;1;10207845050;S
20240425;105644;1249.8;1;10207845051;S
20240425;105644;1249.8;2;10207845052;S
20240425;105644;1249.8;1;10207845053;S
20240425;105644;1249.8;5;10207845054;S
20240425;105644;1249.6;3;10207845055;S
20240425;105644;1249.6;4;10207845064;S
20240425;105644;1249.6;1;10207845065;S
20240425;105644;1249.6;1;10207845066;S
20240425;105644;1249.6;2;10207845067;S
20240425;105644;1249.6;1;10207845068;S
20240425;105644;1249.6;1;10207845069;S
20240425;105644;1249.6;20;10207845070;S
20240425;105644;1249.6;20;10207845071;S
20240425;105644;1249.6;30;10207845072;S
20240425;105644;1249.6;17;10207845073;S
20240425;105644;1249.6;5;10207845074;S
20240425;105644;1249.6;3;10207845075;S
20240425;105644;1249.6;45;10207845076;S
20240425;105644;1249.6;10;10207845077;S
20240425;105644;1249.6;10;10207845078;S
20240425;105644;1249.6;14;10207845094;S
20240425;105644;1249.6;120;10207845095;S
20240425;105644;1249.4;10;10207845096;S
20240425;105644;1249.4;5;10207845097;S
20240425;105644;1249.4;40;10207845098;S
20240425;105644;1249.4;1;10207845099;S
20240425;105644;1249.4;20;10207845100;S
20240425;105644;1249.4;10;10207845101;S
20240425;105644;1249.4;50;10207845102;S
20240425;105644;1249.4;71;10207845103;S
20240425;105644;1249.4;300;10207845105;S
20240425;105644;1249.4;4;10207845108;S
20240425;105644;1249.4;15;10207845112;S
20240425;105644;1249.4;13;10207845113;S
20240425;105644;1249.4;3;10207845114;S
20240425;105644;1249.4;4;10207845115;S
20240425;105644;1249.4;21;10207845124;S
20240425;105644;1249.4;1;10207845125;S
20240425;105644;1249.4;1;10207845126;S
20240425;105644;1249.4;17;10207845127;S
20240425;105644;1249.4;50;10207845137;S
20240425;105645;1249.2;3;10207845161;S
20240425;105645;1249.2;20;10207845162;S
20240425;105645;1249.2;66;10207845166;S
20240425;105645;1249.2;11;10207845172;S
20240425;105645;1249.2;5;10207845173;S
20240425;105645;1249.2;1;10207845174;S
20240425;105645;1249.2;1;10207845175;S
20240425;105645;1249.2;1;10207845176;S
20240425;105645;1249.2;20;10207845177;S
20240425;105645;1249.2;17;10207845178;S
20240425;105645;1249.2;63;10207845179;S
20240425;105645;1249.2;1;10207845180;S
20240425;105645;1249.2;15;10207845182;S
20240425;105645;1249.2;30;10207845183;S
20240425;105645;1249.2;84;10207845184;S
20240425;105645;1249;2;10207845185;S
20240425;105645;1249;1;10207845186;S
20240425;105645;1249;1;10207845187;S
20240425;105645;1249;1;10207845188;S
20240425;105645;1249;1;10207845189;S
20240425;105645;1249;1;10207845190;S
20240425;105645;1249;54;10207845191;S
20240425;105645;1249.2;51;10207845192;B
20240425;105645;1249.2;29;10207845193;S
20240425;105645;1249;46;10207845194;S
20240425;105645;1249;1;10207845195;S
20240425;105645;1249;1;10207845196;S
20240425;105645;1249;1;10207845197;S
20240425;105645;1249;1;10207845198;S
20240425;105645;1249;1;10207845199;S
20240425;105645;1249;4;10207845200;S
20240425;105645;1249;1;10207845201;S
20240425;105645;1249;1;10207845202;S
20240425;105645;1249;3;10207845203;S
20240425;105645;1249;1;10207845204;S
20240425;105645;1249;1;10207845205;S
20240425;105645;1249;1;10207845206;S
20240425;105645;1249;2;10207845207;S
20240425;105645;1249;1;10207845208;S
20240425;105645;1249;2;10207845209;S
20240425;105645;1249;3;10207845210;S
20240425;105645;1249;4;10207845211;S
20240425;105645;1249;1;10207845212;S
20240425;105645;1249;9;10207845213;S
20240425;105645;1249;3;10207845214;S
20240425;105645;1249;1;10207845215;S
20240425;105645;1249;19;10207845216;S
20240425;105645;1249;1;10207845217;S
20240425;105645;1249;6;10207845218;S
20240425;105645;1249;1;10207845219;S
20240425;105645;1249;7;10207845220;S
20240425;105645;1249;10;10207845221;S
20240425;105645;1249;3;10207845222;S
20240425;105645;1249;8;10207845223;S
20240425;105645;1249;4;10207845224;S
20240425;105645;1249;5;10207845225;S
20240425;105645;1249;5;10207845226;S
20240425;105645;1249;1;10207845227;S
20240425;105645;1249;1;10207845228;S
20240425;105645;1249;1;10207845229;S
20240425;105645;1249;3;10207845230;S
20240425;105645;1249;1;10207845231;S
20240425;105645;1249;1;10207845232;S
20240425;105645;1249;1;10207845233;S
20240425;105645;1249;5;10207845234;S
20240425;105645;1249;10;10207845235;S
20240425;105645;1249;1;10207845236;S
20240425;105645;1249;5;10207845237;S
20240425;105645;1249;36;10207845238;S
20240425;105645;1249;1;10207845239;S
20240425;105645;1249;3;10207845240;S
20240425;105645;1249;2;10207845241;S
20240425;105645;1249;1;10207845242;S
20240425;105645;1249;1;10207845243;S
20240425;105645;1249;20;10207845244;S
20240425;105645;1249;1;10207845245;S
20240425;105645;1249;10;10207845246;S
20240425;105645;1249;1;10207845247;S
20240425;105645;1249;1;10207845248;S
20240425;105645;1249;1;10207845249;S
20240425;105645;1249;18;10207845250;S
20240425;105645;1249;120;10207845252;S
20240425;105645;1249;40;10207845255;S
20240425;105645;1249;60;10207845261;S
20240425;105645;1249;20;10207845262;S
20240425;105645;1249;200;10207845277;S
20240425;105645;1249;30;10207845281;S
20240425;105645;1249;5;10207845282;S
20240425;105645;1249;100;10207845285;S
20240425;105645;1249;50;10207845292;S
20240425;105645;1249;25;10207845298;S
20240425;105645;1249;10;10207845304;S
20240425;105646;1249;5;10207845319;S
20240425;105647;1249;100;10207845442;S
20240425;105647;1249;117;10207845443;S
20240425;105647;1249;1;10207845444;S
20240425;105647;1249;1;10207845445;S
20240425;105647;1249;100;10207845446;S
20240425;105647;1249;10;10207845447;S
20240425;105647;1249;1;10207845448;S
20240425;105647;1249;1;10207845449;S
20240425;105647;1249;1;10207845450;S
20240425;105647;1249;11;10207845451;S
20240425;105647;1249;45;10207845452;S
20240425;105652;1249;7;10207845840;S
20240425;105655;1249;20;10207846071;S
20240425;105656;1249.2;1;10207846123;B
20240425;105701;1249.2;1;10207846621;B
20240425;105701;1249.2;1;10207846624;B
20240425;105701;1249.2;1;10207846647;B
20240425;105703;1249;28;10207846830;S
20240425;105703;1249;5;10207846831;S
20240425;105703;1249;1;10207846832;S
20240425;105703;1249;1;10207846833;S
20240425;105703;1249;2;10207846834;S
20240425;105703;1249;20;10207846835;S
20240425;105703;1249;1;10207846836;S
20240425;105703;1249;1;10207846837;S
20240425;105703;1249;1;10207846838;S
20240425;105703;1249;1;10207846839;S
20240425;105703;1248.8;2;10207846840;S
20240425;105703;1248.8;119;10207846841;S
20240425;105703;1248.8;1;10207846842;S
20240425;105703;1248.8;2;10207846843;S
20240425;105703;1248.8;15;10207846844;S
20240425;105707;1248.8;20;10207847170;S
20240425;105708;1248.8;6;10207847259;S
20240425;105708;1249;51;10207847305;B
20240425;105708;1249;23;10207847333;S
20240425;105708;1249;5;10207847335;S
20240425;105708;1248.8;17;10207847336;S
20240425;105710;1248.8;20;10207847519;S
20240425;105712;1248.8;1;10207847606;S
20240425;105712;1249.2;8;10207847628;B
20240425;105715;1249.2;65;10207847854;B
20240425;105721;1249;1;10207848743;S
20240425;105725;1249;4;10207849125;B
20240425;105725;1249;1;10207849182;B
20240425;105730;1248.8;1;10207849676;S
20240425;105730;1248.8;1;10207849677;S
20240425;105730;1248.8;5;10207849678;S
20240425;105730;1248.8;3;10207849679;S
20240425;105730;1248.8;5;10207849680;S
20240425;105730;1248.6;10;10207849697;S
20240425;105730;1248.6;50;10207849698;S
20240425;105730;1248.6;15;10207849699;S
20240425;105730;1248.6;20;10207849700;S
20240425;105730;1248.6;1;10207849701;S
20240425;105730;1248.6;3;10207849702;S
20240425;105730;1248.6;8;10207849703;S
20240425;105730;1248.6;2;10207849704;S
20240425;105730;1248.6;21;10207849705;S
20240425;105730;1248.6;59;10207849706;S
