<DATE>;<TIME>;<LAST>;<VOL>;<ID>;<OPER>
20240124;095941;1434.200000000;2;9459157985;B
20240124;095941;1434.200000000;9;9459157986;B
20240124;095941;1434.200000000;50;9459157987;S
20240124;095941;1434.200000000;5;9459157988;S
20240124;095941;1434.200000000;1;9459157989;S
20240124;095941;1434.200000000;435;9459157990;S
20240124;095941;1434.200000000;1;9459157991;S
20240124;095941;1434.200000000;64;9459157992;S
20240124;095941;1434.200000000;1;9459157993;S
20240124;095941;1434.200000000;10;9459157994;S
20240124;095941;1434.200000000;11;9459157995;S
20240124;095941;1434.200000000;414;9459157996;S
20240124;095941;1434.200000000;5;9459157997;S
20240124;095941;1434.200000000;3;9459157998;S
20240124;095941;1434.200000000;20;9459157999;S
20240124;095941;1434.200000000;9;9459158000;S
20240124;095941;1434.200000000;49;9459158001;S
20240124;095941;1434.200000000;11;9459158002;S
20240124;095941;1434.200000000;1;9459158003;S
20240124;095941;1434.200000000;40;9459158004;S
20240124;095941;1434.200000000;1;9459158005;S
20240124;095941;1434.200000000;3;9459158006;S
20240124;095941;1434.200000000;31;9459158007;S
20240124;095941;1434.200000000;1;9459158008;S
20240124;095941;1434.200000000;1;9459158009;S
20240124;095941;1434.200000000;1;9459158010;S
20240124;095941;1434.200000000;6;9459158011;S
20240124;095941;1434.200000000;40;9459158012;S
20240124;095941;1434.200000000;1;9459158013;S
20240124;095941;1434.200000000;1;9459158014;S
20240124;095941;1434.200000000;1;9459158015;S
20240124;095941;1434.200000000;10;9459158016;S
20240124;095941;1434.200000000;1;9459158017;S
20240124;095941;1434.200000000;5;9459158018;S
20240124;095941;1434.200000000;1;9459158019;B
20240124;095941;1434.200000000;10;9459158020;S
20240124;095941;1434.200000000;1;9459158021;S
20240124;095941;1434.200000000;2;9459158022;S
20240124;095941;1434.200000000;21;9459158023;S
20240124;095941;1434.200000000;100;9459158024;S
20240124;095941;1434.200000000;12;9459158025;S
20240124;095941;1434.200000000;10;9459158026;S
20240124;095941;1434.200000000;20;9459158027;S
20240124;095941;1434.200000000;168;9459158028;S
20240124;095941;1434.200000000;37;9459158029;S
20240124;095941;1434.200000000;2;9459158030;S
20240124;095941;1434.200000000;69;9459158031;S
20240124;095941;1434.200000000;100;9459158032;S
20240124;095941;1434.200000000;100;9459158033;S
20240124;095941;1434.200000000;50;9459158034;S
20240124;095941;1434.200000000;1;9459158035;S
20240124;095941;1434.200000000;100;9459158036;S
20240124;095941;1434.200000000;10;9459158037;S
20240124;095941;1434.200000000;1;9459158038;S
20240124;095941;1434.200000000;3;9459158039;S
20240124;095941;1434.200000000;8;9459158040;S
20240124;095941;1434.200000000;1;9459158041;S
20240124;095941;1434.200000000;2;9459158042;S
20240124;095941;1434.200000000;1;9459158043;S
20240124;095941;1434.200000000;15;9459158044;S
20240124;095941;1434.200000000;5;9459158045;S
20240124;095941;1434.200000000;100;9459158046;S
20240124;095941;1434.200000000;20;9459158047;S
20240124;095941;1434.200000000;5;9459158048;S
20240124;095941;1434.200000000;1;9459158049;S
20240124;095941;1434.200000000;2;9459158050;S
20240124;095941;1434.200000000;20;9459158051;S
20240124;095941;1434.200000000;5;9459158052;S
20240124;095941;1434.200000000;209;9459158053;S
20240124;095941;1434.200000000;34;9459158054;S
20240124;095941;1434.200000000;99;9459158055;S
20240124;095941;1434.200000000;491;9459158056;B
20240124;095941;1434.200000000;1;9459158057;B
20240124;095941;1434.200000000;1;9459158058;B
20240124;095941;1434.200000000;5;9459158059;B
20240124;095941;1434.200000000;1;9459158060;B
20240124;095941;1434.200000000;17;9459158061;B
20240124;095941;1434.200000000;1;9459158062;B
20240124;095941;1434.200000000;1;9459158063;S
20240124;095941;1434.200000000;50;9459158064;S
20240124;095941;1434.200000000;1;9459158065;B
20240124;095941;1434.200000000;10;9459158066;B
20240124;095941;1434.200000000;3;9459158067;B
20240124;095941;1434.200000000;10;9459158068;B
20240124;095941;1434.200000000;9;9459158069;B
20240124;095941;1434.200000000;9;9459158070;B
20240124;095941;1434.200000000;200;9459158071;B
20240124;095941;1434.200000000;41;9459158072;B
20240124;095941;1434.200000000;1;9459158073;B
20240124;095941;1434.200000000;8;9459158074;B
20240124;095941;1434.200000000;3;9459158075;B
20240124;095941;1434.200000000;7;9459158076;B
20240124;095941;1434.200000000;3;9459158077;B
20240124;095941;1434.200000000;14;9459158078;B
20240124;095941;1434.200000000;110;9459158079;B
20240124;095941;1434.200000000;1;9459158080;B
20240124;095941;1434.200000000;5;9459158081;S
20240124;095941;1434.200000000;50;9459158082;B
20240124;095941;1434.200000000;100;9459158083;B
20240124;095941;1434.200000000;447;9459158084;B
20240124;095941;1434.200000000;1;9459158085;B
20240124;095941;1434.200000000;251;9459158086;B
20240124;100000;1434.000000000;1;9459163934;B
20240124;100001;1434.000000000;54;9459164055;B
20240124;100001;1434.200000000;1;9459164056;B
20240124;100001;1434.200000000;89;9459164137;B
20240124;100001;1434.200000000;55;9459164138;B
20240124;100001;1434.200000000;78;9459164139;B
20240124;100001;1434.200000000;1;9459164225;B
20240124;100001;1433.400000000;7;9459164350;S
20240124;100001;1434.000000000;10;9459164353;B
20240124;100001;1434.000000000;70;9459164409;B
20240124;100001;1434.000000000;91;9459164414;B
20240124;100001;1434.200000000;13;9459164415;B
20240124;100001;1434.200000000;139;9459164416;B
20240124;100001;1434.200000000;105;9459164417;B
20240124;100001;1434.400000000;152;9459164418;B
20240124;100002;1434.400000000;20;9459164465;B
20240124;100002;1434.400000000;1;9459164467;B
20240124;100002;1434.400000000;1;9459164468;B
20240124;100002;1434.400000000;1;9459164517;B
20240124;100002;1433.600000000;1;9459164762;B
20240124;100002;1433.400000000;50;9459164768;S
20240124;100002;1433.400000000;3;9459164790;S
20240124;100002;1433.400000000;1;9459164800;S
20240124;100002;1434.000000000;1;9459164865;B
20240124;100002;1434.200000000;48;9459164866;B
20240124;100002;1434.400000000;151;9459164867;B
20240124;100002;1433.400000000;24;9459164908;S
20240124;100002;1433.400000000;5;9459164909;S
20240124;100002;1433.800000000;1;9459164979;B
20240124;100002;1434.200000000;5;9459164980;B
20240124;100002;1434.400000000;11;9459164981;B
20240124;100002;1434.400000000;8;9459164988;B
20240124;100002;1434.400000000;167;9459164989;B
20240124;100003;1434.200000000;1;9459165039;B
20240124;100003;1434.400000000;69;9459165040;B
20240124;100004;1433.400000000;1;9459165334;S
20240124;100004;1434.200000000;1;9459165410;B
20240124;100004;1434.400000000;15;9459165689;B
20240124;100004;1434.400000000;1;9459165702;B
20240124;100004;1433.400000000;7;9459165736;S
20240124;100005;1433.400000000;2;9459166360;S
20240124;100005;1434.200000000;1;9459166756;B
20240124;100005;1434.200000000;1;9459167237;B
20240124;100005;1433.400000000;1;9459167316;S
20240124;100005;1433.600000000;50;9459167531;S
20240124;100005;1434.400000000;5;9459167707;B
20240124;100005;1433.400000000;1;9459168151;S
20240124;100005;1433.400000000;1;9459168154;S
20240124;100005;1433.400000000;1;9459168155;S
20240124;100006;1433.800000000;1;9459168675;B
20240124;100006;1433.800000000;7;9459168676;B
20240124;100006;1433.800000000;3;9459168677;B
20240124;100006;1433.800000000;1;9459168941;B
20240124;100007;1433.800000000;9;9459169160;B
20240124;100007;1433.800000000;5;9459169452;B
20240124;100007;1433.600000000;1;9459169454;S
20240124;100007;1433.800000000;1;9459169455;B
20240124;100007;1433.600000000;3;9459169456;S
20240124;100007;1433.600000000;12;9459169457;S
20240124;100008;1434.000000000;55;9459169648;B
20240124;100008;1434.000000000;50;9459169649;B
20240124;100008;1434.200000000;55;9459169650;B
20240124;100008;1434.200000000;49;9459169651;B
20240124;100008;1434.200000000;5;9459169657;B
20240124;100008;1434.200000000;42;9459169735;B
20240124;100008;1434.400000000;208;9459169736;B
20240124;100010;1433.800000000;6;9459170503;S
20240124;100010;1434.400000000;10;9459170647;B
20240124;100010;1433.800000000;9;9459170688;S
20240124;100010;1434.400000000;25;9459170836;B
20240124;100010;1434.600000000;18;9459170837;B
20240124;100010;1434.800000000;140;9459170838;B
20240124;100010;1434.800000000;24;9459170839;B
20240124;100010;1435.000000000;100;9459170840;B
20240124;100010;1435.000000000;50;9459170841;B
20240124;100010;1435.000000000;1;9459170842;B
20240124;100010;1435.000000000;5;9459170843;B
20240124;100010;1435.000000000;137;9459170844;B
20240124;100010;1434.000000000;2;9459170876;S
20240124;100011;1435.000000000;63;9459171044;B
20240124;100011;1435.000000000;10;9459171045;B
20240124;100011;1435.000000000;46;9459171046;B
20240124;100011;1435.000000000;72;9459171073;B
20240124;100011;1435.200000000;139;9459171074;B
20240124;100011;1435.200000000;9;9459171075;B
20240124;100012;1435.400000000;2;9459171392;B
20240124;100012;1435.400000000;1;9459171409;B
20240124;100012;1435.400000000;4;9459171410;B
20240124;100012;1435.400000000;10;9459171411;B
20240124;100012;1435.400000000;80;9459171412;B
20240124;100012;1435.600000000;3;9459171413;B
20240124;100012;1435.600000000;55;9459171414;B
20240124;100012;1435.600000000;18;9459171415;B
20240124;100012;1435.800000000;145;9459171416;B
20240124;100012;1435.000000000;1;9459171464;S
20240124;100013;1435.600000000;226;9459171610;B
20240124;100013;1435.800000000;206;9459171611;B
20240124;100013;1435.800000000;40;9459171612;B
20240124;100013;1435.800000000;18;9459171613;B
20240124;100013;1436.000000000;1;9459171614;B
20240124;100013;1436.000000000;509;9459171615;B
20240124;100013;1436.000000000;5;9459171617;B
20240124;100013;1436.000000000;100;9459171622;B
20240124;100013;1435.200000000;29;9459171682;S
20240124;100013;1435.800000000;1;9459171715;B
20240124;100013;1435.800000000;137;9459171746;B
20240124;100013;1436.000000000;15;9459171765;B
20240124;100014;1436.000000000;50;9459171808;B
20240124;100014;1435.800000000;226;9459171905;B
20240124;100014;1436.000000000;114;9459171906;B
20240124;100014;1435.600000000;70;9459171926;B
20240124;100014;1436.000000000;20;9459172011;B
20240124;100014;1436.000000000;20;9459172012;B
20240124;100014;1436.000000000;1;9459172013;B
20240124;100014;1436.200000000;1;9459172014;B
20240124;100014;1436.200000000;17;9459172015;B
20240124;100014;1436.400000000;1;9459172016;B
20240124;100014;1436.400000000;55;9459172017;B
20240124;100014;1436.400000000;144;9459172018;B
20240124;100014;1436.600000000;5;9459172019;B
20240124;100014;1436.600000000;55;9459172020;B
20240124;100014;1436.600000000;44;9459172021;B
20240124;100014;1436.800000000;650;9459172022;B
20240124;100014;1436.800000000;700;9459172023;B
20240124;100014;1436.800000000;55;9459172024;B
20240124;100014;1437.000000000;2;9459172025;B
20240124;100014;1437.000000000;200;9459172026;B
20240124;100014;1437.000000000;200;9459172027;B
20240124;100014;1437.000000000;10;9459172028;B
20240124;100014;1437.000000000;1400;9459172029;B
20240124;100014;1437.000000000;139;9459172030;B
20240124;100014;1437.200000000;10;9459172031;B
20240124;100014;1437.400000000;10;9459172032;B
20240124;100014;1437.600000000;79;9459172033;B
20240124;100014;1437.600000000;10;9459172034;B
20240124;100014;1437.800000000;1;9459172035;B
20240124;100014;1437.800000000;10;9459172036;B
20240124;100014;1438.000000000;1;9459172037;B
20240124;100014;1438.000000000;20;9459172038;B
20240124;100014;1438.000000000;10;9459172039;B
20240124;100014;1438.000000000;2;9459172040;B
20240124;100014;1438.000000000;5;9459172041;B
20240124;100014;1438.000000000;2;9459172042;B
20240124;100014;1438.000000000;1;9459172043;B
20240124;100014;1438.000000000;1;9459172044;B
20240124;100014;1438.000000000;1;9459172045;B
20240124;100014;1438.000000000;5;9459172046;B
20240124;100014;1438.000000000;10;9459172047;B
20240124;100014;1438.000000000;10;9459172048;B
20240124;100014;1438.000000000;8;9459172049;B
20240124;100014;1438.000000000;30;9459172050;B
20240124;100014;1438.000000000;150;9459172051;B
20240124;100014;1438.000000000;137;9459172052;B
20240124;100014;1438.000000000;38;9459172053;B
20240124;100014;1438.200000000;10;9459172054;B
20240124;100014;1438.400000000;5;9459172055;B
20240124;100014;1438.400000000;2;9459172056;B
20240124;100014;1438.400000000;1;9459172057;B
20240124;100014;1438.400000000;1;9459172058;B
20240124;100014;1438.400000000;1;9459172059;B
20240124;100014;1438.400000000;1;9459172060;B
20240124;100014;1438.400000000;1;9459172061;B
20240124;100014;1438.400000000;1;9459172062;B
20240124;100014;1438.400000000;50;9459172063;B
20240124;100014;1438.400000000;10;9459172064;B
20240124;100014;1438.600000000;10;9459172065;B
20240124;100014;1438.600000000;1;9459172066;B
20240124;100014;1438.800000000;5;9459172067;B
20240124;100014;1438.800000000;300;9459172068;B
20240124;100014;1438.800000000;10;9459172069;B
20240124;100014;1438.800000000;1400;9459172070;B
20240124;100014;1438.800000000;1921;9459172071;B
20240124;100014;1438.600000000;3;9459172074;B
20240124;100014;1436.800000000;56;9459172075;B
20240124;100014;1436.600000000;56;9459172076;B
20240124;100014;1436.600000000;56;9459172077;B
20240124;100014;1436.600000000;56;9459172078;B
20240124;100014;1436.600000000;40;9459172079;B
20240124;100014;1436.600000000;18;9459172080;B
20240124;100014;1436.600000000;139;9459172081;S
20240124;100014;1436.600000000;55;9459172082;S
20240124;100014;1436.600000000;32;9459172083;S
20240124;100015;1437.400000000;100;9459172088;B
20240124;100015;1437.400000000;123;9459172089;B
20240124;100015;1438.000000000;17;9459172090;B
20240124;100015;1438.400000000;80;9459172091;B
20240124;100015;1438.400000000;55;9459172092;B
20240124;100015;1438.600000000;55;9459172093;B
20240124;100015;1438.600000000;32;9459172094;B
20240124;100015;1438.800000000;79;9459172095;B
20240124;100015;1438.800000000;55;9459172096;B
20240124;100015;1439.000000000;1;9459172097;B
20240124;100015;1439.000000000;3;9459172098;B
20240124;100015;1437.800000000;32;9459172104;B
20240124;100015;1437.600000000;1;9459172206;S
20240124;100015;1437.600000000;5;9459172214;S
20240124;100015;1438.800000000;30;9459172243;B
20240124;100015;1438.800000000;1;9459172258;B
20240124;100015;1438.800000000;1;9459172260;B
20240124;100015;1438.800000000;1;9459172271;B
20240124;100015;1438.600000000;4;9459172275;S
20240124;100015;1438.600000000;5;9459172276;S
20240124;100015;1437.800000000;18;9459172277;S
20240124;100015;1437.600000000;49;9459172278;S
20240124;100015;1437.400000000;24;9459172279;S
20240124;100016;1437.400000000;55;9459172286;S
20240124;100016;1437.200000000;15;9459172287;S
20240124;100016;1438.600000000;5;9459172296;B
20240124;100016;1437.400000000;1;9459172308;S
20240124;100016;1438.000000000;20;9459172317;S
20240124;100016;1438.000000000;52;9459172321;B
20240124;100016;1438.200000000;18;9459172322;B
20240124;100016;1438.800000000;2;9459172325;B
20240124;100016;1438.800000000;1;9459172326;B
20240124;100016;1438.800000000;1;9459172333;B
20240124;100016;1437.400000000;29;9459172374;S
20240124;100016;1438.400000000;10;9459172391;B
20240124;100016;1438.000000000;1;9459172408;S
20240124;100016;1437.400000000;2;9459172409;S
20240124;100016;1438.400000000;50;9459172471;B
20240124;100017;1438.400000000;5;9459172535;B
20240124;100017;1438.400000000;66;9459172556;B
20240124;100017;1438.800000000;4;9459172557;B
20240124;100018;1438.800000000;7;9459172719;B
20240124;100018;1438.800000000;48;9459172720;B
20240124;100018;1439.000000000;7;9459172721;B
20240124;100018;1439.000000000;10;9459172722;B
20240124;100018;1439.000000000;622;9459172723;B
20240124;100018;1439.000000000;5;9459172731;B
20240124;100020;1438.400000000;10;9459173063;S
20240124;100020;1437.800000000;90;9459173064;S
20240124;100020;1437.400000000;18;9459173115;S
20240124;100020;1438.400000000;105;9459173136;B
20240124;100020;1438.600000000;223;9459173137;B
20240124;100020;1438.600000000;172;9459173138;B
20240124;100020;1438.600000000;19;9459173145;B
20240124;100023;1438.200000000;1;9459174046;B
20240124;100023;1437.800000000;1;9459174157;S
20240124;100023;1437.800000000;139;9459174158;S
20240124;100024;1438.400000000;1;9459174263;B
20240124;100024;1437.400000000;100;9459174324;S
20240124;100024;1437.800000000;1;9459174483;B
20240124;100024;1438.200000000;89;9459174484;B
20240124;100024;1437.600000000;1;9459174529;S
20240124;100024;1437.400000000;39;9459174530;S
20240124;100024;1437.200000000;30;9459174531;S
20240124;100024;1437.400000000;70;9459174534;S
20240124;100024;1438.400000000;18;9459174538;B
20240124;100025;1437.800000000;5;9459174684;S
20240124;100025;1438.000000000;5;9459174706;B
20240124;100025;1437.800000000;100;9459174764;S
20240124;100026;1438.000000000;10;9459174899;B
20240124;100027;1437.800000000;77;9459175149;S
20240124;100028;1437.800000000;100;9459175311;S
20240124;100028;1437.800000000;1;9459175371;S
20240124;100029;1438.000000000;5;9459175481;B
20240124;100029;1438.000000000;1;9459175482;B
20240124;100029;1438.000000000;4;9459175483;B
20240124;100029;1438.000000000;6;9459175484;B
20240124;100032;1438.000000000;90;9459176001;B
20240124;100032;1438.000000000;83;9459176002;B
20240124;100033;1437.800000000;17;9459176107;S
20240124;100033;1437.800000000;30;9459176108;S
20240124;100033;1437.200000000;25;9459176286;S
20240124;100033;1437.200000000;25;9459176287;S
20240124;100033;1437.000000000;28;9459176288;S
20240124;100036;1437.600000000;1;9459177079;B
20240124;100036;1436.800000000;55;9459177101;S
20240124;100036;1436.800000000;8;9459177102;S
20240124;100037;1436.800000000;84;9459177302;S
20240124;100037;1437.600000000;1;9459177378;B
20240124;100038;1436.800000000;10;9459177512;S
20240124;100039;1437.600000000;1;9459177646;B
20240124;100040;1437.000000000;1;9459177823;S
20240124;100040;1437.000000000;1;9459177824;S
20240124;100040;1436.800000000;14;9459177825;S
20240124;100041;1436.800000000;4;9459178063;S
20240124;100041;1436.800000000;1;9459178068;S
20240124;100041;1437.600000000;100;9459178149;B
20240124;100042;1437.600000000;1;9459178282;B
20240124;100042;1437.600000000;29;9459178283;B
20240124;100043;1437.600000000;1;9459178615;B
20240124;100044;1437.000000000;1;9459179074;S
20240124;100045;1437.200000000;105;9459179435;B
20240124;100045;1437.400000000;150;9459179436;B
20240124;100045;1437.600000000;22;9459179437;B
20240124;100045;1437.400000000;68;9459179578;B
20240124;100046;1437.000000000;9;9459179745;S
20240124;100046;1436.800000000;1;9459179746;S
20240124;100046;1437.400000000;105;9459179820;B
20240124;100046;1437.600000000;3;9459179821;B
20240124;100046;1437.600000000;190;9459179822;B
20240124;100046;1437.600000000;90;9459179823;B
20240124;100046;1437.800000000;90;9459179824;B
20240124;100046;1437.800000000;13;9459179825;B
20240124;100046;1437.800000000;6;9459179826;B
20240124;100046;1437.800000000;9;9459179827;B
20240124;100046;1437.800000000;373;9459179828;B
20240124;100046;1437.800000000;55;9459179829;B
20240124;100046;1438.000000000;66;9459179830;B
20240124;100047;1437.600000000;25;9459180043;B
20240124;100047;1437.600000000;5;9459180045;B
20240124;100051;1437.200000000;10;9459180696;B
20240124;100051;1437.200000000;2;9459180807;B
20240124;100052;1437.200000000;6;9459180892;B
20240124;100052;1437.400000000;10;9459181061;B
20240124;100052;1437.400000000;90;9459181062;B
20240124;100054;1437.000000000;10;9459181284;B
20240124;100054;1436.800000000;3;9459181373;S
20240124;100055;1436.800000000;27;9459181517;S
20240124;100055;1436.600000000;173;9459181518;S
20240124;100056;1436.600000000;1;9459181782;S
20240124;100057;1436.600000000;22;9459181967;S
20240124;100057;1436.600000000;100;9459181968;S
20240124;100057;1436.400000000;1;9459181969;S
20240124;100057;1436.400000000;25;9459181970;S
20240124;100057;1436.200000000;1852;9459181971;S
20240124;100057;1437.000000000;1;9459182017;B
20240124;100058;1436.600000000;1;9459182118;S
20240124;100058;1436.800000000;1;9459182185;B
20240124;100059;1436.400000000;175;9459182382;S
20240124;100103;1436.200000000;11;9459183149;S
20240124;100104;1436.600000000;1;9459183306;B
20240124;100105;1436.200000000;11;9459183487;S
20240124;100105;1436.400000000;8;9459183495;S
20240124;100107;1436.200000000;11;9459183879;S
20240124;100109;1436.400000000;11;9459184231;S
20240124;100111;1436.400000000;11;9459184596;S
20240124;100112;1436.600000000;16;9459184749;B
20240124;100112;1436.600000000;1;9459184750;B
20240124;100112;1436.800000000;104;9459184751;B
20240124;100112;1436.800000000;32;9459184752;B
20240124;100112;1436.800000000;20;9459184753;B
20240124;100113;1436.400000000;25;9459184969;S
20240124;100113;1436.400000000;11;9459184975;S
20240124;100115;1436.600000000;11;9459185203;S
20240124;100115;1436.600000000;5;9459185214;S
20240124;100117;1436.600000000;11;9459185476;S
20240124;100117;1436.800000000;10;9459185517;B
20240124;100117;1436.800000000;10;9459185518;B
20240124;100117;1437.000000000;1;9459185519;B
20240124;100117;1437.000000000;9;9459185520;B
20240124;100118;1436.600000000;11;9459185730;S
20240124;100119;1437.000000000;1;9459185948;B
20240124;100120;1436.600000000;11;9459186018;S
20240124;100122;1436.600000000;6;9459186306;S
20240124;100122;1436.400000000;5;9459186307;S
20240124;100123;1436.600000000;11;9459186534;S
20240124;100124;1437.000000000;8;9459186695;B
20240124;100124;1436.800000000;3;9459186778;S
20240124;100124;1436.600000000;11;9459186779;S
20240124;100125;1436.600000000;11;9459186881;S
20240124;100125;1436.600000000;3;9459186925;S
20240124;100125;1436.800000000;1;9459186950;B
20240124;100126;1436.800000000;1;9459187117;B
20240124;100127;1436.400000000;11;9459187265;S
20240124;100129;1436.600000000;1;9459187548;B
20240124;100129;1436.600000000;1;9459187549;B
20240124;100129;1436.600000000;16;9459187550;B
20240124;100129;1436.800000000;82;9459187551;B
20240124;100134;1436.800000000;1;9459188866;B
20240124;100135;1436.800000000;11;9459188994;B
20240124;100136;1436.400000000;7;9459189101;S
20240124;100138;1436.400000000;3;9459189457;S
20240124;100142;1436.800000000;3;9459190164;B
20240124;100143;1436.800000000;1;9459190322;B
20240124;100143;1436.800000000;137;9459190331;B
20240124;100144;1436.400000000;16;9459190475;S
20240124;100144;1436.400000000;4;9459190476;S
20240124;100144;1436.400000000;1;9459190501;S
20240124;100147;1436.800000000;43;9459190892;B
20240124;100147;1436.800000000;30;9459190893;B
20240124;100147;1436.800000000;27;9459190894;B
20240124;100147;1436.400000000;1;9459190898;S
20240124;100148;1436.800000000;1;9459191131;B
20240124;100149;1436.800000000;5;9459191283;B
20240124;100150;1436.800000000;50;9459191408;B
20240124;100153;1436.600000000;31;9459191779;S
20240124;100153;1436.600000000;7;9459191780;S
20240124;100153;1436.400000000;4;9459191781;S
20240124;100153;1436.400000000;1;9459191782;S
20240124;100153;1436.400000000;2;9459191783;S
20240124;100153;1436.400000000;10;9459191784;S
20240124;100153;1436.400000000;38;9459191785;S
20240124;100153;1436.600000000;1;9459191828;B
20240124;100159;1436.400000000;10;9459192907;S
20240124;100159;1436.400000000;3;9459192908;S
20240124;100159;1436.400000000;3;9459192909;S
20240124;100159;1436.400000000;2;9459192910;S
20240124;100159;1436.200000000;102;9459192911;S
20240124;100203;1436.400000000;641;9459193617;S
20240124;100203;1436.400000000;25;9459193618;S
20240124;100203;1436.200000000;2;9459193619;S
20240124;100203;1436.200000000;332;9459193620;S
20240124;100204;1436.200000000;1;9459193723;S
20240124;100207;1436.400000000;40;9459194399;S
20240124;100207;1436.400000000;16;9459194400;S
20240124;100207;1436.200000000;44;9459194401;S
20240124;100208;1436.600000000;2;9459194482;B
20240124;100209;1436.600000000;2;9459194673;B
20240124;100211;1436.600000000;1;9459194866;B
20240124;100212;1436.600000000;10;9459195122;B
20240124;100212;1436.400000000;3;9459195145;S
20240124;100212;1436.400000000;1;9459195163;B
20240124;100214;1436.200000000;1;9459195461;S
20240124;100217;1436.200000000;1;9459195866;S
20240124;100223;1436.200000000;10;9459196720;S
20240124;100223;1436.200000000;10;9459196721;S
20240124;100225;1436.200000000;1;9459197047;S
20240124;100226;1436.400000000;1;9459197154;B
20240124;100228;1436.400000000;2;9459197494;B
20240124;100230;1436.400000000;1;9459197737;B
20240124;100231;1436.400000000;5;9459197916;B
20240124;100233;1436.200000000;2;9459198152;S
20240124;100234;1436.200000000;3;9459198390;S
20240124;100234;1436.200000000;1;9459198391;S
20240124;100234;1436.200000000;1;9459198392;S
20240124;100234;1436.200000000;1;9459198393;S
20240124;100234;1436.200000000;12;9459198394;S
20240124;100234;1436.200000000;52;9459198395;S
20240124;100235;1436.400000000;1;9459198505;B
20240124;100238;1436.400000000;220;9459198881;B
20240124;100240;1436.200000000;50;9459199129;S
20240124;100241;1436.400000000;2;9459199345;B
20240124;100242;1436.400000000;5;9459199375;B
20240124;100242;1436.400000000;26;9459199382;B
20240124;100242;1436.400000000;2;9459199413;B
20240124;100244;1436.400000000;35;9459199742;B
20240124;100245;1436.200000000;2;9459199866;S
20240124;100245;1436.200000000;2;9459199867;S
20240124;100245;1436.200000000;1;9459199868;S
20240124;100245;1436.000000000;5;9459199869;S
20240124;100245;1436.000000000;17;9459199870;S
20240124;100245;1436.200000000;2;9459199877;B
20240124;100249;1436.200000000;100;9459200311;B
20240124;100250;1436.200000000;1;9459200422;B
20240124;100254;1436.200000000;1;9459201153;B
20240124;100257;1436.000000000;2;9459201470;S
20240124;100302;1436.000000000;1;9459202306;S
20240124;100302;1436.200000000;1;9459202430;B
20240124;100302;1436.200000000;1;9459202437;B
20240124;100302;1436.000000000;80;9459202494;S
20240124;100302;1436.000000000;1;9459202495;S
20240124;100302;1436.000000000;3;9459202496;S
20240124;100302;1436.000000000;2;9459202497;S
20240124;100302;1436.000000000;350;9459202498;S
20240124;100302;1436.000000000;1;9459202499;S
20240124;100302;1436.000000000;17;9459202500;S
20240124;100302;1436.000000000;1;9459202501;S
20240124;100302;1436.000000000;17;9459202502;S
20240124;100302;1436.000000000;28;9459202503;S
20240124;100303;1436.000000000;25;9459202520;S
20240124;100305;1436.200000000;1;9459202808;B
20240124;100306;1436.200000000;40;9459203001;B
20240124;100309;1436.200000000;1;9459203594;B
20240124;100310;1436.200000000;1;9459203712;B
20240124;100316;1436.000000000;1;9459204574;S
20240124;100317;1436.200000000;1;9459204662;B
20240124;100317;1436.000000000;1;9459204680;S
20240124;100320;1436.200000000;2;9459205132;B
20240124;100320;1436.200000000;11;9459205183;B
20240124;100320;1436.200000000;5;9459205184;B
20240124;100322;1436.400000000;5;9459205501;B
20240124;100323;1436.200000000;9;9459205525;S
20240124;100327;1436.400000000;3;9459206099;B
20240124;100334;1436.200000000;2;9459207291;S
20240124;100334;1436.200000000;20;9459207292;S
20240124;100334;1436.200000000;130;9459207293;S
20240124;100334;1436.200000000;37;9459207294;S
20240124;100334;1436.200000000;3;9459207295;S
20240124;100334;1436.200000000;40;9459207296;S
20240124;100334;1436.200000000;105;9459207297;S
20240124;100334;1436.200000000;55;9459207298;S
20240124;100334;1436.000000000;23;9459207299;S
20240124;100334;1436.000000000;1;9459207300;S
20240124;100334;1436.000000000;11;9459207301;S
20240124;100334;1436.000000000;73;9459207302;S
20240124;100336;1436.200000000;1;9459207423;S
20240124;100337;1436.400000000;10;9459207622;B
20240124;100338;1436.200000000;54;9459207816;S
20240124;100338;1436.200000000;8;9459207817;S
20240124;100338;1436.000000000;3;9459207818;S
20240124;100338;1436.000000000;3;9459207819;S
20240124;100338;1436.000000000;2;9459207820;S
20240124;100338;1436.000000000;55;9459207821;S
20240124;100338;1436.000000000;105;9459207822;S
20240124;100338;1436.000000000;139;9459207823;S
20240124;100338;1435.800000000;26;9459207824;S
20240124;100338;1435.800000000;1;9459207825;S
20240124;100338;1435.800000000;55;9459207826;S
20240124;100338;1435.800000000;25;9459207827;S
20240124;100338;1435.600000000;24;9459207828;S
20240124;100338;1436.200000000;38;9459207900;B
20240124;100341;1436.400000000;20;9459208367;B
20240124;100342;1436.400000000;3;9459208395;B
20240124;100344;1436.400000000;2;9459208703;B
20240124;100349;1436.400000000;1;9459209410;B
20240124;100350;1436.400000000;52;9459209632;B
20240124;100350;1436.400000000;5;9459209633;B
20240124;100350;1436.400000000;1;9459209634;B
20240124;100350;1436.400000000;30;9459209635;B
20240124;100350;1436.400000000;5;9459209636;B
20240124;100350;1436.400000000;110;9459209637;B
20240124;100350;1436.400000000;30;9459209638;B
20240124;100350;1436.400000000;26;9459209639;B
20240124;100350;1436.400000000;200;9459209640;B
20240124;100350;1436.600000000;41;9459209641;B
20240124;100353;1436.600000000;5;9459210255;B
20240124;100355;1436.600000000;3;9459210652;B
20240124;100356;1436.400000000;2;9459210757;S
20240124;100356;1436.600000000;31;9459210805;B
20240124;100356;1436.600000000;2;9459210806;B
20240124;100356;1436.600000000;10;9459210807;B
20240124;100356;1436.600000000;57;9459210823;S
20240124;100356;1436.400000000;103;9459210824;S
20240124;100356;1436.400000000;25;9459210825;S
20240124;100356;1436.400000000;30;9459210826;S
20240124;100356;1436.400000000;2;9459210827;S
20240124;100356;1436.400000000;83;9459210828;S
20240124;100359;1436.600000000;10;9459211433;B
20240124;100359;1436.800000000;50;9459211434;B
20240124;100359;1436.800000000;15;9459211435;B
20240124;100359;1436.800000000;10;9459211436;B
20240124;100400;1436.800000000;15;9459211611;S
20240124;100400;1436.600000000;1;9459211612;S
20240124;100400;1436.400000000;6;9459211613;S
20240124;100402;1437.000000000;10;9459211835;B
20240124;100402;1437.000000000;112;9459211986;B
20240124;100402;1437.000000000;10;9459211987;B
20240124;100402;1437.000000000;3;9459211988;B
20240124;100402;1437.000000000;10;9459211989;B
20240124;100402;1437.000000000;16;9459211990;B
20240124;100402;1437.000000000;1;9459211991;B
20240124;100402;1437.000000000;1;9459211992;B
20240124;100402;1437.000000000;35;9459211993;B
20240124;100402;1437.200000000;3;9459211994;B
20240124;100402;1437.200000000;25;9459211995;B
20240124;100402;1437.200000000;83;9459211996;B
20240124;100402;1437.400000000;306;9459211997;B
20240124;100402;1437.400000000;55;9459211998;B
20240124;100402;1437.600000000;1;9459211999;B
20240124;100402;1437.600000000;55;9459212000;B
20240124;100402;1437.800000000;9;9459212001;B
20240124;100402;1437.800000000;11;9459212002;B
20240124;100402;1437.800000000;100;9459212003;B
20240124;100402;1437.800000000;3;9459212004;B
20240124;100402;1437.800000000;1;9459212005;B
20240124;100402;1437.800000000;50;9459212006;B
20240124;100402;1437.800000000;90;9459212007;B
20240124;100402;1437.800000000;20;9459212008;B
20240124;100403;1437.800000000;1;9459212125;B
20240124;100404;1437.200000000;2;9459212321;S
20240124;100404;1437.800000000;6;9459212323;B
20240124;100406;1437.800000000;5;9459212607;B
20240124;100412;1437.200000000;2;9459213697;S
20240124;100413;1437.800000000;10;9459213835;B
20240124;100417;1437.800000000;4;9459214653;B
20240124;100421;1437.400000000;1;9459215518;S
20240124;100423;1437.800000000;1;9459215775;B
20240124;100423;1437.200000000;101;9459215791;S
20240124;100423;1437.200000000;1;9459215792;S
20240124;100423;1437.200000000;200;9459215793;S
20240124;100423;1437.200000000;25;9459215794;S
20240124;100423;1437.000000000;26;9459215795;S
20240124;100423;1437.000000000;147;9459215796;S
20240124;100427;1437.400000000;3;9459216753;S
20240124;100431;1437.600000000;1;9459217574;S
20240124;100431;1437.400000000;5;9459217575;S
20240124;100431;1437.400000000;14;9459217576;S
20240124;100432;1437.400000000;2;9459217604;S
20240124;100432;1437.200000000;3;9459217605;S
20240124;100432;1437.800000000;1;9459217760;B
20240124;100433;1437.800000000;9;9459218089;B
20240124;100434;1437.800000000;5;9459218258;B
20240124;100435;1437.400000000;10;9459218388;S
20240124;100437;1437.600000000;5;9459218931;B
20240124;100437;1437.800000000;20;9459218944;B
20240124;100437;1437.800000000;1;9459219006;B
20240124;100438;1437.800000000;1;9459219338;B
20240124;100439;1437.800000000;1;9459219511;B
20240124;100441;1437.800000000;165;9459220126;B
20240124;100441;1437.800000000;55;9459220127;B
20240124;100441;1437.800000000;1;9459220128;B
20240124;100441;1437.800000000;3;9459220129;B
20240124;100441;1438.000000000;1;9459220131;B
20240124;100441;1438.000000000;100;9459220132;B
20240124;100441;1438.000000000;1;9459220133;B
20240124;100441;1438.000000000;1;9459220134;B
20240124;100445;1437.800000000;16;9459221185;S
20240124;100445;1437.800000000;1;9459221186;S
20240124;100445;1437.800000000;1;9459221187;S
20240124;100445;1437.800000000;1;9459221188;S
20240124;100445;1437.600000000;81;9459221189;S
20240124;100445;1438.200000000;3;9459221270;B
20240124;100445;1438.200000000;10;9459221271;B
20240124;100445;1438.200000000;5;9459221272;B
20240124;100445;1438.200000000;2;9459221273;B
20240124;100446;1437.800000000;105;9459221380;S
20240124;100446;1437.600000000;100;9459221381;S
20240124;100446;1437.600000000;25;9459221382;S
20240124;100446;1437.600000000;70;9459221383;S
20240124;100447;1438.400000000;13;9459221606;B
20240124;100449;1438.400000000;12;9459222079;B
20240124;100449;1438.600000000;1;9459222080;B
20240124;100449;1438.600000000;7;9459222081;B
20240124;100449;1438.600000000;10;9459222119;B
20240124;100450;1438.600000000;50;9459222260;B
20240124;100450;1437.800000000;5;9459222354;S
20240124;100454;1438.600000000;10;9459223480;B
20240124;100456;1438.000000000;9;9459223986;S
20240124;100500;1438.600000000;5;9459224707;B
20240124;100500;1438.200000000;3;9459224755;S
20240124;100500;1438.000000000;2;9459224756;S
20240124;100501;1438.600000000;65;9459224798;B
20240124;100501;1438.600000000;24;9459224799;B
20240124;100501;1438.800000000;24;9459224800;B
20240124;100502;1438.800000000;24;9459225248;B
20240124;100502;1438.800000000;10;9459225249;B
20240124;100502;1438.800000000;70;9459225250;B
20240124;100502;1438.800000000;1;9459225251;B
20240124;100502;1439.000000000;5;9459225359;B
20240124;100502;1439.000000000;1;9459225360;B
20240124;100502;1439.000000000;2;9459225361;B
20240124;100502;1439.000000000;3;9459225362;B
20240124;100503;1439.000000000;23;9459225462;B
20240124;100503;1439.000000000;4;9459225519;B
20240124;100503;1439.000000000;5;9459225957;B
20240124;100503;1439.000000000;119;9459225958;B
20240124;100507;1439.200000000;6;9459227199;B
20240124;100508;1439.200000000;1;9459227441;B
20240124;100508;1439.200000000;3;9459227570;B
20240124;100508;1439.200000000;3;9459227571;B
20240124;100508;1439.200000000;20;9459227572;B
20240124;100508;1439.200000000;50;9459227573;B
20240124;100508;1439.200000000;5;9459227574;B
20240124;100508;1439.200000000;19;9459227575;B
20240124;100509;1439.000000000;5;9459227682;S
20240124;100509;1439.200000000;31;9459227687;B
20240124;100509;1439.200000000;35;9459227688;B
20240124;100509;1439.200000000;24;9459227689;B
20240124;100509;1439.200000000;49;9459227771;B
20240124;100510;1439.200000000;1;9459227893;B
20240124;100510;1439.000000000;8;9459227950;S
20240124;100511;1439.000000000;10;9459228245;S
20240124;100512;1439.000000000;15;9459228325;S
20240124;100513;1439.000000000;4;9459228863;B
20240124;100513;1439.000000000;1;9459228884;B
20240124;100514;1438.800000000;1;9459228932;S
20240124;100514;1438.800000000;2;9459228933;S
20240124;100514;1439.000000000;10;9459229076;B
20240124;100515;1439.000000000;70;9459229169;B
20240124;100515;1439.000000000;59;9459229170;B
20240124;100515;1439.200000000;926;9459229171;B
20240124;100515;1439.200000000;25;9459229172;B
20240124;100515;1439.200000000;1;9459229173;B
20240124;100515;1439.200000000;4;9459229174;B
20240124;100515;1439.400000000;20;9459229175;B
20240124;100515;1439.400000000;10;9459229176;B
20240124;100515;1439.400000000;60;9459229177;B
20240124;100515;1439.400000000;1;9459229178;B
20240124;100515;1439.400000000;100;9459229179;B
20240124;100515;1439.400000000;35;9459229180;B
20240124;100515;1439.400000000;100;9459229181;B
20240124;100515;1439.400000000;2;9459229182;B
20240124;100515;1439.400000000;12;9459229183;B
20240124;100515;1439.600000000;5;9459229184;B
20240124;100515;1439.600000000;5;9459229185;B
20240124;100515;1439.600000000;10;9459229186;B
20240124;100515;1439.600000000;3;9459229187;B
20240124;100515;1439.600000000;3;9459229188;B
20240124;100515;1439.600000000;549;9459229189;B
20240124;100515;1439.000000000;1;9459229288;S
20240124;100515;1439.400000000;30;9459229315;B
20240124;100515;1439.600000000;20;9459229316;B
20240124;100515;1439.400000000;3;9459229336;S
20240124;100515;1439.600000000;70;9459229338;B
20240124;100516;1439.400000000;1;9459229486;S
20240124;100516;1439.600000000;1;9459229524;B
20240124;100516;1439.600000000;1;9459229602;B
20240124;100517;1439.600000000;1;9459229722;B
20240124;100517;1439.600000000;108;9459229771;B
20240124;100517;1439.600000000;70;9459229772;B
20240124;100517;1439.600000000;1;9459229773;B
20240124;100517;1439.600000000;35;9459229774;B
20240124;100517;1439.800000000;5;9459229775;B
20240124;100517;1439.800000000;5;9459229776;B
20240124;100517;1439.800000000;2;9459229777;B
20240124;100517;1439.800000000;781;9459229778;B
20240124;100517;1439.800000000;1;9459229779;B
20240124;100517;1439.800000000;10;9459229780;B
20240124;100517;1439.800000000;14;9459229781;B
20240124;100517;1439.800000000;5;9459229782;B
20240124;100517;1439.800000000;3;9459229783;B
20240124;100517;1439.800000000;25;9459229784;B
20240124;100517;1440.000000000;1;9459229785;B
20240124;100517;1440.000000000;5;9459229786;B
20240124;100517;1440.000000000;300;9459229787;B
20240124;100517;1440.000000000;300;9459229788;B
20240124;100517;1440.000000000;15;9459229789;B
20240124;100517;1440.000000000;50;9459229790;B
20240124;100517;1440.000000000;2;9459229791;B
20240124;100517;1440.000000000;2;9459229792;B
20240124;100517;1440.000000000;2;9459229793;B
20240124;100517;1440.000000000;1;9459229794;B
20240124;100517;1440.000000000;1112;9459229795;B
20240124;100517;1440.000000000;100;9459229796;B
20240124;100517;1440.000000000;2;9459229797;B
20240124;100517;1440.000000000;100;9459229798;B
20240124;100517;1440.000000000;3;9459229799;B
20240124;100517;1440.000000000;440;9459229800;B
20240124;100518;1439.600000000;3;9459229890;S
20240124;100518;1440.000000000;1;9459229891;B
20240124;100518;1439.600000000;5;9459229892;S
20240124;100518;1439.600000000;97;9459229929;S
20240124;100518;1439.600000000;3;9459229930;S
20240124;100518;1439.800000000;6;9459230021;S
20240124;100518;1439.600000000;1;9459230022;S
20240124;100519;1440.000000000;2;9459230242;B
20240124;100520;1440.000000000;557;9459230518;B
20240124;100520;1440.000000000;10;9459230519;B
20240124;100520;1440.000000000;1;9459230520;B
20240124;100520;1440.000000000;1;9459230521;B
20240124;100520;1440.000000000;1;9459230522;B
20240124;100520;1440.000000000;3;9459230523;B
20240124;100520;1440.000000000;1;9459230524;B
20240124;100520;1440.000000000;1;9459230525;B
20240124;100520;1440.000000000;3;9459230526;B
20240124;100520;1440.000000000;3;9459230527;B
20240124;100520;1440.000000000;20;9459230528;B
20240124;100520;1440.000000000;19;9459230529;B
20240124;100520;1440.000000000;561;9459230530;B
20240124;100520;1439.800000000;50;9459230539;S
20240124;100520;1440.000000000;2;9459230557;B
20240124;100521;1440.000000000;82;9459230785;B
20240124;100521;1440.000000000;18;9459230786;B
20240124;100521;1440.000000000;7;9459230808;B
20240124;100521;1440.000000000;50;9459230809;B
20240124;100521;1440.000000000;1943;9459230810;B
20240124;100521;1440.000000000;1;9459230876;B
20240124;100522;1439.800000000;1;9459231129;S
20240124;100523;1440.000000000;100;9459231286;B
20240124;100523;1440.000000000;1475;9459231349;B
20240124;100523;1440.000000000;25;9459231350;B
20240124;100523;1439.800000000;3;9459231444;S
20240124;100524;1440.000000000;3;9459231611;B
20240124;100525;1440.000000000;478;9459231952;B
20240124;100525;1440.200000000;500;9459231953;B
20240124;100525;1440.200000000;10;9459231954;B
20240124;100525;1440.200000000;1;9459231955;B
20240124;100525;1440.200000000;3;9459231956;B
20240124;100525;1440.200000000;25;9459231957;B
20240124;100525;1440.200000000;17;9459231958;B
20240124;100525;1440.400000000;1;9459231959;B
20240124;100525;1440.400000000;9;9459231960;B
20240124;100525;1440.400000000;1;9459231961;B
20240124;100525;1440.600000000;6;9459231963;B
20240124;100525;1440.600000000;1;9459232064;B
20240124;100526;1440.600000000;3;9459232068;B
20240124;100526;1440.800000000;5;9459232069;B
20240124;100526;1440.800000000;10;9459232070;B
20240124;100526;1441.000000000;1;9459232071;B
20240124;100526;1441.000000000;1;9459232072;B
20240124;100526;1441.000000000;1;9459232073;B
20240124;100526;1441.000000000;100;9459232074;B
20240124;100526;1441.000000000;90;9459232075;B
20240124;100526;1441.000000000;5;9459232076;B
20240124;100526;1441.000000000;27;9459232077;B
20240124;100526;1441.000000000;1;9459232078;B
20240124;100526;1441.000000000;3;9459232079;B
20240124;100526;1441.000000000;1;9459232080;B
20240124;100526;1441.200000000;1;9459232081;B
20240124;100526;1441.200000000;1;9459232082;B
20240124;100526;1441.200000000;4;9459232105;B
20240124;100526;1441.200000000;15;9459232106;B
20240124;100526;1441.200000000;25;9459232107;B
20240124;100526;1441.400000000;56;9459232108;B
20240124;100526;1441.400000000;140;9459232109;B
20240124;100526;1441.200000000;25;9459232117;B
20240124;100526;1441.200000000;7;9459232118;B
20240124;100526;1441.400000000;118;9459232119;B
20240124;100526;1441.200000000;1;9459232137;B
20240124;100526;1441.200000000;24;9459232139;B
20240124;100526;1441.400000000;76;9459232140;B
20240124;100526;1441.000000000;1;9459232142;S
20240124;100526;1441.400000000;70;9459232145;B
20240124;100526;1441.400000000;16;9459232151;B
20240124;100526;1441.400000000;5;9459232176;B
20240124;100527;1441.200000000;2;9459232395;S
20240124;100527;1441.200000000;2;9459232396;S
20240124;100527;1441.400000000;1;9459232463;B
20240124;100528;1441.200000000;21;9459232563;S
20240124;100528;1441.400000000;50;9459232616;B
20240124;100529;1441.400000000;53;9459232741;B
20240124;100529;1441.400000000;2;9459232788;B
20240124;100529;1441.400000000;600;9459232845;B
20240124;100530;1441.200000000;8;9459232899;S
20240124;100530;1441.200000000;1;9459232990;S
20240124;100530;1441.200000000;2;9459232998;S
20240124;100530;1441.200000000;1;9459233020;S
20240124;100531;1441.400000000;5;9459233048;B
20240124;100533;1441.400000000;1;9459233655;B
20240124;100533;1441.400000000;50;9459233670;B
20240124;100533;1441.200000000;10;9459233709;S
20240124;100534;1441.200000000;1;9459233774;S
20240124;100535;1441.400000000;1;9459234028;B
20240124;100535;1441.200000000;120;9459234036;S
20240124;100535;1441.200000000;1;9459234037;S
20240124;100535;1441.000000000;40;9459234038;S
20240124;100535;1441.000000000;17;9459234039;S
20240124;100535;1440.800000000;6;9459234040;S
20240124;100535;1440.800000000;5;9459234041;S
20240124;100535;1440.600000000;25;9459234042;S
20240124;100535;1440.600000000;36;9459234043;S
20240124;100536;1441.200000000;1;9459234202;B
20240124;100538;1441.200000000;2;9459234801;B
20240124;100538;1440.600000000;1;9459234899;B
20240124;100538;1441.000000000;23;9459234900;B
20240124;100538;1441.000000000;25;9459234901;B
20240124;100538;1441.200000000;4;9459234902;B
20240124;100538;1441.200000000;100;9459234903;B
20240124;100538;1441.200000000;5;9459234904;B
20240124;100538;1441.200000000;105;9459234905;B
20240124;100538;1441.400000000;737;9459234906;B
20240124;100539;1440.600000000;26;9459235022;S
20240124;100539;1440.400000000;2;9459235023;S
20240124;100539;1440.200000000;12;9459235024;S
20240124;100540;1440.200000000;1;9459235217;S
20240124;100540;1441.000000000;26;9459235222;B
20240124;100540;1441.200000000;25;9459235223;B
20240124;100540;1441.200000000;2;9459235224;B
20240124;100540;1441.200000000;47;9459235225;B
20240124;100545;1441.000000000;70;9459236228;B
20240124;100545;1441.000000000;5;9459236229;B
20240124;100545;1441.200000000;58;9459236230;B
20240124;100545;1441.200000000;25;9459236231;B
20240124;100545;1441.200000000;1;9459236232;B
20240124;100545;1441.200000000;22;9459236233;B
20240124;100545;1441.200000000;100;9459236234;B
20240124;100545;1441.400000000;19;9459236235;B
20240124;100545;1440.400000000;6;9459236283;S
20240124;100546;1441.200000000;20;9459236403;B
20240124;100547;1440.800000000;5;9459236672;S
20240124;100547;1440.800000000;1;9459236696;S
20240124;100547;1441.000000000;100;9459236708;B
20240124;100550;1441.200000000;1;9459237291;S
20240124;100550;1441.000000000;22;9459237292;S
20240124;100550;1441.000000000;17;9459237293;B
20240124;100550;1441.000000000;3;9459237387;S
20240124;100551;1441.200000000;22;9459237420;B
20240124;100551;1441.200000000;2;9459237598;S
20240124;100552;1441.200000000;25;9459237638;B
20240124;100552;1441.400000000;31;9459237639;B
20240124;100552;1441.000000000;10;9459237767;S
20240124;100552;1441.400000000;4;9459237867;B
20240124;100553;1441.200000000;100;9459237905;B
20240124;100553;1441.200000000;100;9459237906;B
20240124;100553;1441.200000000;1;9459237913;B
20240124;100553;1441.000000000;90;9459237970;S
20240124;100553;1440.800000000;105;9459237971;S
20240124;100553;1440.800000000;3;9459237972;S
20240124;100553;1440.600000000;52;9459237973;S
20240124;100553;1441.000000000;25;9459237974;B
20240124;100553;1441.200000000;2;9459238021;B
20240124;100553;1441.200000000;2;9459238034;B
20240124;100553;1441.000000000;14;9459238086;S
20240124;100554;1441.200000000;61;9459238092;B
20240124;100554;1441.200000000;80;9459238121;B
20240124;100554;1441.200000000;300;9459238141;B
20240124;100556;1441.200000000;1;9459238565;B
20240124;100557;1441.200000000;1;9459238774;B
20240124;100559;1441.000000000;100;9459239086;S
20240124;100559;1441.000000000;100;9459239087;B
20240124;100559;1441.000000000;100;9459239088;B
20240124;100559;1441.000000000;100;9459239089;B
20240124;100559;1441.000000000;100;9459239090;B
20240124;100559;1441.000000000;55;9459239091;B
20240124;100600;1441.200000000;45;9459239281;B
20240124;100600;1441.000000000;100;9459239314;S
20240124;100600;1440.600000000;3;9459239315;S
20240124;100600;1440.600000000;100;9459239316;S
20240124;100600;1440.400000000;3;9459239317;S
20240124;100600;1440.200000000;3;9459239318;S
20240124;100600;1440.200000000;26;9459239319;S
20240124;100600;1440.200000000;25;9459239320;S
20240124;100600;1440.200000000;40;9459239321;S
20240124;100600;1441.000000000;25;9459239322;B
20240124;100600;1441.000000000;26;9459239323;B
20240124;100600;1441.000000000;1;9459239366;S
20240124;100601;1441.200000000;48;9459239514;B
20240124;100601;1441.200000000;20;9459239604;B
20240124;100602;1441.000000000;1;9459239761;S
20240124;100602;1441.000000000;3;9459239762;S
20240124;100602;1441.000000000;1;9459239864;B
20240124;100602;1441.000000000;1;9459239957;S
20240124;100603;1441.200000000;226;9459240028;B
20240124;100603;1441.000000000;104;9459240083;S
20240124;100603;1441.000000000;21;9459240084;S
20240124;100603;1440.800000000;222;9459240085;S
20240124;100603;1440.400000000;26;9459240086;S
20240124;100603;1440.400000000;70;9459240087;S
20240124;100603;1440.200000000;25;9459240088;S
20240124;100603;1440.000000000;5;9459240089;S
20240124;100603;1440.000000000;2;9459240090;S
20240124;100603;1440.000000000;25;9459240091;S
20240124;100605;1440.200000000;5;9459240635;S
20240124;100605;1440.400000000;10;9459240664;S
20240124;100605;1440.000000000;15;9459240712;S
20240124;100606;1440.000000000;5;9459240924;S
20240124;100606;1440.000000000;35;9459240925;S
20240124;100607;1440.200000000;1;9459241389;B
20240124;100608;1440.200000000;22;9459241519;S
20240124;100608;1440.200000000;70;9459241520;S
20240124;100608;1440.000000000;70;9459241521;S
20240124;100608;1440.000000000;25;9459241522;S
20240124;100608;1440.000000000;2;9459241765;B
20240124;100609;1440.000000000;1;9459241785;B
20240124;100610;1440.000000000;30;9459242125;B
20240124;100610;1439.800000000;10;9459242174;S
20240124;100611;1439.800000000;10;9459242228;S
20240124;100613;1440.000000000;50;9459242807;B
20240124;100615;1439.800000000;1;9459243195;S
20240124;100615;1439.800000000;5;9459243258;S
20240124;100615;1440.000000000;5;9459243297;B
20240124;100616;1440.000000000;20;9459243531;B
20240124;100617;1439.800000000;24;9459243587;S
20240124;100617;1439.800000000;46;9459243588;S
20240124;100617;1440.000000000;10;9459243650;B
20240124;100619;1439.800000000;5;9459244342;S
20240124;100621;1439.800000000;19;9459244741;S
20240124;100621;1439.800000000;2;9459244742;S
20240124;100621;1439.600000000;5;9459244842;S
20240124;100621;1439.600000000;5;9459244843;S
20240124;100621;1439.400000000;138;9459244844;S
20240124;100621;1439.400000000;23;9459244845;S
20240124;100621;1439.200000000;156;9459244846;S
20240124;100621;1439.000000000;1;9459244847;S
20240124;100621;1439.000000000;55;9459244848;S
20240124;100621;1439.000000000;26;9459244849;S
20240124;100621;1439.000000000;25;9459244850;S
20240124;100621;1438.800000000;50;9459244851;S
20240124;100621;1438.800000000;55;9459244852;S
20240124;100621;1438.800000000;800;9459244853;S
20240124;100621;1438.800000000;280;9459244854;S
20240124;100621;1438.800000000;119;9459244855;S
20240124;100621;1438.800000000;100;9459244856;S
20240124;100621;1438.600000000;1;9459244857;S
20240124;100621;1438.600000000;361;9459244858;S
20240124;100622;1438.600000000;5;9459244987;S
20240124;100623;1438.600000000;10;9459245295;S
20240124;100623;1439.200000000;105;9459245366;B
20240124;100623;1439.200000000;23;9459245367;B
20240124;100623;1439.200000000;3;9459245368;B
20240124;100623;1439.400000000;55;9459245369;B
20240124;100623;1439.400000000;25;9459245370;B
20240124;100623;1439.600000000;20;9459245371;B
20240124;100624;1439.400000000;55;9459245390;B
20240124;100624;1439.400000000;45;9459245391;B
20240124;100625;1439.400000000;1;9459245749;B
20240124;100625;1439.400000000;1;9459245764;B
20240124;100627;1439.400000000;7;9459245960;B
20240124;100628;1439.200000000;1;9459246131;S
20240124;100629;1439.400000000;23;9459246282;B
20240124;100629;1439.400000000;17;9459246283;B
20240124;100629;1439.400000000;60;9459246284;B
20240124;100629;1439.200000000;1;9459246339;S
20240124;100630;1439.200000000;1;9459246541;S
20240124;100631;1439.400000000;2;9459246662;B
20240124;100633;1439.400000000;98;9459247090;B
20240124;100633;1439.400000000;105;9459247091;B
20240124;100633;1439.400000000;23;9459247092;B
20240124;100633;1439.400000000;1;9459247093;B
20240124;100633;1439.400000000;1;9459247094;B
20240124;100633;1439.600000000;6;9459247095;B
20240124;100633;1439.600000000;59;9459247096;B
20240124;100633;1439.600000000;55;9459247097;B
20240124;100633;1439.600000000;1;9459247098;B
20240124;100633;1439.600000000;25;9459247099;B
20240124;100633;1439.800000000;1;9459247111;B
20240124;100635;1439.800000000;5;9459247493;B
20240124;100637;1439.800000000;2;9459247723;B
20240124;100637;1439.600000000;1;9459247756;S
20240124;100637;1439.800000000;56;9459247799;B
20240124;100637;1439.800000000;55;9459247800;B
20240124;100637;1439.800000000;163;9459247801;B
20240124;100637;1439.800000000;1;9459247802;B
20240124;100637;1440.000000000;695;9459247803;B
20240124;100637;1440.000000000;1;9459247804;B
20240124;100637;1440.000000000;208;9459247805;B
20240124;100637;1440.000000000;100;9459247806;B
20240124;100637;1440.000000000;55;9459247807;B
20240124;100637;1440.000000000;10;9459247808;B
20240124;100637;1440.000000000;23;9459247809;B
20240124;100637;1440.600000000;2;9459247849;B
20240124;100639;1440.200000000;14;9459248133;S
20240124;100639;1440.200000000;5;9459248198;S
20240124;100642;1440.600000000;2;9459248605;B
20240124;100645;1440.200000000;100;9459249108;S
20240124;100645;1440.200000000;24;9459249109;S
20240124;100645;1440.200000000;50;9459249110;S
20240124;100645;1440.200000000;4;9459249111;S
20240124;100645;1440.000000000;3218;9459249112;S
20240124;100645;1440.000000000;7;9459249113;S
20240124;100645;1440.000000000;25;9459249114;S
20240124;100645;1440.000000000;72;9459249115;S
20240124;100645;1440.000000000;2;9459249116;S
20240124;100648;1440.000000000;1;9459249487;S
20240124;100649;1440.200000000;1;9459249589;B
20240124;100649;1440.000000000;1;9459249679;S
20240124;100650;1440.200000000;2;9459249851;B
20240124;100651;1440.200000000;2;9459249919;B
20240124;100651;1440.000000000;1;9459250036;S
20240124;100652;1440.000000000;323;9459250209;S
20240124;100653;1440.000000000;60;9459250326;B
20240124;100654;1440.000000000;617;9459250425;B
20240124;100654;1440.000000000;24;9459250426;B
20240124;100654;1440.000000000;105;9459250427;B
20240124;100654;1440.200000000;5;9459250428;B
20240124;100654;1440.200000000;1;9459250429;B
20240124;100654;1440.200000000;100;9459250430;B
20240124;100654;1440.400000000;138;9459250431;B
20240124;100654;1440.600000000;30;9459250432;B
20240124;100654;1440.600000000;6;9459250433;B
20240124;100654;1440.600000000;3;9459250434;B
20240124;100654;1440.600000000;55;9459250435;B
20240124;100654;1440.600000000;70;9459250436;B
20240124;100654;1440.800000000;1;9459250437;B
20240124;100654;1440.800000000;26;9459250438;B
20240124;100654;1440.800000000;1;9459250439;B
20240124;100654;1440.800000000;196;9459250440;B
20240124;100654;1440.800000000;55;9459250441;B
20240124;100654;1441.000000000;5;9459250442;B
20240124;100654;1441.000000000;1;9459250443;B
20240124;100654;1441.000000000;50;9459250444;B
20240124;100654;1441.000000000;10;9459250445;B
20240124;100654;1441.000000000;100;9459250446;B
20240124;100654;1441.000000000;55;9459250447;B
20240124;100654;1441.000000000;3;9459250448;B
20240124;100654;1441.000000000;15;9459250449;B
20240124;100654;1441.000000000;70;9459250450;B
20240124;100654;1441.200000000;13;9459250451;B
20240124;100654;1441.200000000;100;9459250452;B
20240124;100654;1441.200000000;10;9459250453;B
20240124;100654;1441.200000000;50;9459250454;B
20240124;100654;1441.200000000;8;9459250455;B
20240124;100654;1441.200000000;100;9459250456;B
20240124;100654;1441.200000000;280;9459250457;B
20240124;100654;1441.400000000;747;9459250458;B
20240124;100654;1441.400000000;1;9459250459;B
20240124;100654;1441.400000000;2;9459250460;B
20240124;100654;1441.400000000;150;9459250461;B
20240124;100654;1441.400000000;1;9459250462;B
20240124;100654;1441.600000000;5;9459250463;B
20240124;100654;1441.600000000;5;9459250464;B
20240124;100654;1441.600000000;128;9459250465;B
20240124;100654;1441.600000000;1;9459250466;B
20240124;100654;1441.600000000;57;9459250467;B
20240124;100654;1441.600000000;100;9459250468;B
20240124;100654;1441.600000000;700;9459250469;B
20240124;100654;1441.800000000;4;9459250470;B
20240124;100654;1441.800000000;1;9459250471;B
20240124;100654;1441.800000000;100;9459250472;B
20240124;100654;1441.800000000;10;9459250473;B
20240124;100654;1441.800000000;3;9459250474;B
20240124;100654;1441.800000000;182;9459250475;B
20240124;100654;1441.400000000;7;9459250637;B
20240124;100655;1441.400000000;66;9459250670;B
20240124;100655;1441.400000000;1;9459250675;B
20240124;100655;1441.400000000;4;9459250676;B
20240124;100656;1441.200000000;4;9459250875;S
20240124;100656;1441.400000000;45;9459251036;B
20240124;100657;1441.200000000;1;9459251108;S
20240124;100657;1441.200000000;20;9459251179;S
20240124;100658;1441.400000000;7;9459251291;B
20240124;100658;1441.200000000;75;9459251349;S
20240124;100658;1441.200000000;17;9459251350;S
20240124;100658;1440.800000000;26;9459251351;S
20240124;100658;1440.800000000;24;9459251352;S
20240124;100658;1440.800000000;8;9459251353;S
20240124;100700;1440.800000000;40;9459251603;S
20240124;100700;1441.200000000;10;9459251727;B
20240124;100702;1440.800000000;2;9459252116;S
20240124;100704;1441.200000000;1;9459252386;B
20240124;100705;1441.200000000;5;9459252518;B
20240124;100705;1441.400000000;10;9459252519;B
20240124;100705;1440.600000000;36;9459252685;S
20240124;100707;1441.400000000;95;9459253011;B
20240124;100707;1441.400000000;70;9459253012;B
20240124;100707;1441.400000000;23;9459253013;B
20240124;100707;1441.600000000;17;9459253014;B
20240124;100707;1441.400000000;105;9459253015;B
20240124;100707;1441.600000000;8;9459253016;B
20240124;100707;1441.600000000;2;9459253017;B
20240124;100707;1441.600000000;26;9459253018;B
20240124;100707;1441.600000000;8;9459253019;B
20240124;100707;1441.600000000;31;9459253020;B
20240124;100707;1441.600000000;16;9459253021;B
20240124;100707;1441.600000000;25;9459253022;B
20240124;100707;1441.600000000;26;9459253023;B
20240124;100707;1441.600000000;79;9459253024;B
20240124;100708;1441.600000000;24;9459253077;B
20240124;100710;1441.200000000;30;9459253431;S
20240124;100711;1441.200000000;1;9459253634;S
20240124;100712;1441.600000000;10;9459253765;B
20240124;100714;1441.200000000;22;9459254158;S
20240124;100714;1441.400000000;15;9459254349;B
20240124;100714;1441.400000000;5;9459254350;B
20240124;100716;1441.200000000;97;9459254656;S
20240124;100716;1441.200000000;1;9459254657;S
20240124;100716;1441.200000000;50;9459254658;S
20240124;100716;1441.000000000;23;9459254659;S
20240124;100716;1440.800000000;26;9459254660;S
20240124;100716;1440.800000000;1;9459254661;S
20240124;100716;1440.600000000;52;9459254662;S
20240124;100720;1440.600000000;4;9459255411;S
20240124;100727;1440.600000000;8;9459256487;S
20240124;100729;1440.600000000;2;9459256835;B
20240124;100730;1440.600000000;15;9459256925;B
20240124;100730;1440.600000000;3;9459256926;B
20240124;100730;1441.000000000;3;9459256927;B
20240124;100730;1440.400000000;1;9459257035;S
20240124;100731;1441.000000000;9;9459257099;B
20240124;100731;1441.000000000;1;9459257100;B
20240124;100735;1441.000000000;4;9459257738;B
20240124;100738;1441.000000000;1;9459258365;B
20240124;100740;1440.800000000;20;9459258672;B
20240124;100741;1440.800000000;1;9459258895;B
20240124;100744;1440.800000000;30;9459259408;B
20240124;100745;1440.600000000;1;9459259649;S
20240124;100746;1440.800000000;1;9459259738;B
20240124;100747;1440.600000000;1;9459259919;S
20240124;100747;1440.600000000;32;9459259920;S
20240124;100747;1440.600000000;18;9459259921;S
20240124;100747;1440.600000000;1;9459259922;S
20240124;100749;1440.800000000;1;9459260247;B
20240124;100749;1440.800000000;4;9459260315;B
20240124;100754;1440.800000000;1;9459261190;B
20240124;100756;1440.600000000;1;9459261374;S
20240124;100756;1440.400000000;49;9459261375;S
20240124;100756;1440.400000000;3;9459261376;S
20240124;100757;1440.800000000;2;9459261521;B
20240124;100757;1440.400000000;1;9459261572;S
20240124;100757;1440.400000000;1;9459261573;S
20240124;100802;1440.000000000;1;9459262402;S
20240124;100802;1440.000000000;1;9459262403;S
20240124;100802;1440.000000000;1;9459262404;S
20240124;100802;1440.000000000;12;9459262405;S
20240124;100802;1440.000000000;3;9459262406;S
20240124;100802;1440.000000000;13;9459262407;S
20240124;100802;1440.000000000;22;9459262408;S
20240124;100802;1440.000000000;4;9459262417;B
20240124;100802;1440.000000000;1;9459262471;B
20240124;100803;1440.000000000;1;9459262620;B
20240124;100808;1439.800000000;1;9459263516;S
20240124;100808;1439.800000000;10;9459263636;S
20240124;100811;1439.800000000;27;9459264196;B
20240124;100811;1439.800000000;11;9459264197;B
20240124;100812;1439.200000000;3;9459264307;S
20240124;100812;1439.000000000;13;9459264308;S
20240124;100813;1439.800000000;7;9459264395;B
20240124;100813;1439.000000000;1;9459264448;S
20240124;100815;1439.600000000;1;9459264854;B
20240124;100819;1439.200000000;10;9459265447;S
20240124;100819;1439.800000000;3;9459265482;B
20240124;100819;1439.200000000;128;9459265521;S
20240124;100819;1439.000000000;66;9459265522;S
20240124;100819;1439.000000000;5;9459265523;S
20240124;100819;1439.000000000;1;9459265524;S
20240124;100820;1439.000000000;4;9459265608;S
20240124;100820;1439.000000000;1;9459265609;S
20240124;100820;1439.000000000;2;9459265610;S
20240124;100820;1439.000000000;196;9459265611;S
20240124;100820;1438.600000000;34;9459265662;S
20240124;100822;1438.800000000;1;9459265898;B
20240124;100823;1438.600000000;10;9459265918;S
20240124;100823;1438.600000000;1;9459265962;S
20240124;100823;1438.800000000;2;9459266061;B
20240124;100826;1438.800000000;62;9459266586;B
20240124;100826;1439.000000000;38;9459266587;B
20240124;100827;1439.000000000;5;9459266676;B
20240124;100829;1439.000000000;1;9459267012;B
20240124;100830;1439.000000000;2;9459267091;B
20240124;100830;1439.000000000;5;9459267225;B
20240124;100832;1439.000000000;1;9459267562;B
20240124;100832;1438.800000000;21;9459267594;S
20240124;100832;1438.800000000;38;9459267595;S
20240124;100832;1438.800000000;61;9459267599;S
20240124;100832;1438.600000000;7;9459267600;S
20240124;100832;1438.600000000;72;9459267601;S
20240124;100832;1438.600000000;14;9459267602;S
20240124;100832;1438.600000000;6;9459267605;S
20240124;100832;1438.600000000;3;9459267606;S
20240124;100832;1438.400000000;38;9459267607;S
20240124;100832;1439.000000000;5;9459267653;B
20240124;100832;1438.400000000;17;9459267660;S
20240124;100832;1438.400000000;5;9459267661;S
20240124;100834;1439.000000000;1;9459267888;B
20240124;100834;1439.000000000;30;9459267942;B
20240124;100835;1438.600000000;12;9459268060;S
20240124;100838;1438.600000000;21;9459268428;S
20240124;100839;1439.000000000;20;9459268527;B
20240124;100840;1438.600000000;55;9459268664;S
20240124;100840;1438.600000000;3;9459268665;S
20240124;100840;1438.400000000;20;9459268666;S
20240124;100840;1438.400000000;1;9459268667;S
20240124;100840;1438.400000000;138;9459268668;S
20240124;100840;1438.400000000;3;9459268669;S
20240124;100841;1439.000000000;127;9459268832;B
20240124;100841;1439.200000000;21;9459268833;B
20240124;100841;1439.400000000;26;9459268834;B
20240124;100841;1439.400000000;7;9459268835;B
20240124;100841;1439.600000000;80;9459268836;B
20240124;100841;1439.600000000;25;9459268837;B
20240124;100841;1439.600000000;70;9459268838;B
20240124;100841;1439.800000000;2;9459268839;B
20240124;100841;1439.800000000;172;9459268840;B
20240124;100841;1439.600000000;5;9459268906;B
20240124;100843;1438.800000000;26;9459269212;S
20240124;100843;1438.800000000;21;9459269213;S
20240124;100843;1438.600000000;172;9459269214;S
20240124;100843;1438.600000000;55;9459269215;S
20240124;100843;1438.600000000;25;9459269216;S
20240124;100843;1438.600000000;115;9459269217;S
20240124;100843;1438.400000000;52;9459269218;S
20240124;100843;1438.400000000;139;9459269219;S
20240124;100843;1438.400000000;70;9459269220;S
20240124;100843;1438.400000000;100;9459269221;S
20240124;100843;1438.200000000;55;9459269222;S
20240124;100843;1438.200000000;280;9459269223;S
20240124;100843;1438.000000000;5;9459269224;S
20240124;100843;1438.000000000;20;9459269225;S
20240124;100843;1438.000000000;53;9459269226;S
20240124;100844;1438.400000000;3;9459269463;S
20240124;100847;1438.600000000;10;9459269811;B
20240124;100847;1438.800000000;1;9459269812;B
20240124;100847;1439.000000000;1;9459269813;B
20240124;100847;1439.000000000;13;9459269814;B
20240124;100848;1438.400000000;4;9459269941;S
20240124;100849;1438.400000000;70;9459270138;S
20240124;100850;1439.000000000;1;9459270284;B
20240124;100851;1439.000000000;9;9459270400;B
20240124;100851;1439.200000000;26;9459270401;B
20240124;100851;1439.200000000;115;9459270402;B
20240124;100852;1439.200000000;2;9459270470;B
20240124;100854;1439.200000000;4;9459270790;B
20240124;100855;1439.200000000;25;9459270808;B
20240124;100855;1438.400000000;100;9459270889;S
20240124;100856;1439.200000000;1;9459270969;B
20240124;100856;1439.200000000;1;9459270988;B
20240124;100858;1439.200000000;1;9459271394;B
20240124;100900;1439.000000000;50;9459271617;S
20240124;100900;1438.800000000;20;9459271618;S
20240124;100900;1439.200000000;1;9459271655;B
20240124;100900;1439.200000000;1;9459271656;B
20240124;100900;1439.200000000;20;9459271657;B
20240124;100900;1439.400000000;25;9459271658;B
20240124;100900;1439.400000000;3;9459271659;B
20240124;100900;1439.400000000;1;9459271702;B
20240124;100905;1438.600000000;26;9459272464;S
20240124;100905;1438.400000000;4;9459272465;S
20240124;100906;1438.400000000;15;9459272690;S
20240124;100908;1438.400000000;4;9459272952;S
20240124;100908;1438.400000000;16;9459272953;S
20240124;100909;1439.000000000;1;9459273045;S
20240124;100910;1439.200000000;1;9459273301;B
20240124;100911;1439.200000000;2;9459273424;B
20240124;100913;1439.200000000;2;9459273774;B
20240124;100913;1439.000000000;1;9459273807;S
20240124;100915;1439.200000000;1;9459274030;B
20240124;100916;1439.200000000;18;9459274156;B
20240124;100917;1439.200000000;2;9459274316;B
20240124;100917;1439.000000000;1;9459274358;S
20240124;100917;1438.600000000;4;9459274359;S
20240124;100917;1439.200000000;1;9459274394;B
20240124;100918;1439.200000000;3;9459274514;B
20240124;100921;1439.400000000;3;9459274900;B
20240124;100927;1439.200000000;1;9459276020;S
20240124;100929;1439.400000000;62;9459276319;B
20240124;100929;1439.400000000;25;9459276320;B
20240124;100929;1439.400000000;1;9459276321;B
20240124;100929;1439.400000000;1;9459276322;B
20240124;100930;1439.400000000;1;9459276444;B
20240124;100931;1439.400000000;1;9459276784;B
20240124;100935;1439.200000000;1;9459277457;S
20240124;100936;1439.200000000;1;9459277606;S
20240124;100937;1439.200000000;2;9459277855;S
20240124;100937;1439.200000000;10;9459277856;S
20240124;100939;1439.200000000;5;9459277985;B
20240124;100940;1439.200000000;3;9459278128;B
20240124;100941;1439.200000000;10;9459278211;B
20240124;100944;1439.000000000;1;9459278822;S
20240124;100946;1439.200000000;35;9459278998;B
20240124;100948;1439.000000000;1;9459279345;S
20240124;100948;1439.000000000;4;9459279390;S
20240124;100950;1439.000000000;2;9459279566;S
20240124;100959;1439.000000000;1;9459280846;B
20240124;101001;1439.000000000;1;9459281155;B
20240124;101002;1439.000000000;35;9459281357;B
20240124;101002;1438.800000000;1;9459281392;S
20240124;101007;1438.800000000;29;9459282082;S
20240124;101007;1438.800000000;116;9459282083;S
20240124;101007;1438.800000000;1;9459282084;S
20240124;101007;1438.600000000;20;9459282085;S
20240124;101007;1438.600000000;75;9459282086;S
20240124;101007;1438.400000000;3;9459282087;S
20240124;101007;1438.400000000;26;9459282088;S
20240124;101007;1438.400000000;152;9459282089;S
20240124;101007;1438.400000000;3;9459282090;S
20240124;101007;1438.400000000;25;9459282091;S
20240124;101007;1438.200000000;55;9459282092;S
20240124;101007;1438.200000000;100;9459282093;S
20240124;101007;1438.200000000;50;9459282094;S
20240124;101007;1438.200000000;57;9459282095;S
20240124;101007;1438.200000000;10;9459282096;S
20240124;101007;1438.200000000;5;9459282097;S
20240124;101007;1438.000000000;103;9459282098;S
20240124;101007;1438.800000000;10;9459282127;B
20240124;101007;1438.200000000;1;9459282200;S
20240124;101015;1438.800000000;1;9459283227;B
20240124;101016;1438.800000000;3;9459283324;B
20240124;101018;1438.200000000;54;9459283706;S
20240124;101018;1438.200000000;25;9459283707;S
20240124;101018;1438.200000000;21;9459283708;S
20240124;101020;1438.400000000;5;9459283925;B
20240124;101022;1438.400000000;1;9459284257;B
20240124;101023;1438.200000000;8;9459284435;S
20240124;101023;1438.200000000;20;9459284436;S
20240124;101023;1438.200000000;1;9459284437;S
20240124;101023;1438.000000000;121;9459284438;S
20240124;101024;1438.400000000;45;9459284559;B
20240124;101024;1438.400000000;1;9459284592;B
20240124;101026;1438.400000000;4;9459284750;B
20240124;101026;1438.200000000;14;9459284758;S
20240124;101026;1438.200000000;47;9459284759;S
20240124;101026;1438.200000000;20;9459284760;S
20240124;101026;1438.000000000;131;9459284761;S
20240124;101028;1438.200000000;2;9459285070;B
20240124;101028;1438.000000000;1;9459285109;S
20240124;101028;1438.200000000;5;9459285112;B
20240124;101029;1438.000000000;1;9459285189;S
20240124;101030;1438.200000000;2;9459285360;B
20240124;101031;1438.000000000;20;9459285542;S
20240124;101033;1438.200000000;1;9459285831;B
20240124;101033;1438.200000000;25;9459285915;B
20240124;101036;1438.000000000;70;9459286289;S
20240124;101036;1438.000000000;1;9459286290;S
20240124;101036;1438.000000000;5;9459286291;S
20240124;101036;1438.000000000;74;9459286292;S
20240124;101037;1438.000000000;105;9459286401;S
20240124;101037;1438.200000000;1;9459286403;B
20240124;101038;1438.000000000;70;9459286493;S
20240124;101038;1438.200000000;14;9459286554;B
20240124;101038;1438.200000000;1;9459286555;B
20240124;101038;1438.200000000;25;9459286570;S
20240124;101038;1438.200000000;7;9459286571;S
20240124;101038;1438.200000000;1;9459286572;S
20240124;101041;1438.200000000;25;9459286947;B
20240124;101041;1438.200000000;1;9459287006;B
20240124;101041;1438.000000000;1;9459287030;S
20240124;101043;1438.000000000;1;9459287354;S
20240124;101044;1438.200000000;1;9459287360;B
20240124;101044;1438.000000000;129;9459287465;S
20240124;101045;1438.200000000;28;9459287700;B
20240124;101045;1438.200000000;1;9459287783;B
20240124;101049;1438.200000000;3;9459288247;B
20240124;101051;1438.200000000;8;9459288494;B
20240124;101051;1438.200000000;2;9459288495;B
20240124;101052;1438.000000000;1;9459288798;S
20240124;101053;1438.000000000;100;9459288935;S
20240124;101057;1438.000000000;868;9459289473;S
20240124;101058;1438.000000000;308;9459289578;S
20240124;101103;1438.000000000;1100;9459290121;S
20240124;101103;1438.200000000;2;9459290221;B
20240124;101105;1438.200000000;15;9459290549;B
20240124;101105;1438.200000000;1;9459290622;B
20240124;101107;1438.200000000;30;9459290851;B
20240124;101107;1438.200000000;1;9459290852;B
20240124;101107;1438.200000000;3;9459290853;B
20240124;101107;1438.200000000;2;9459290886;B
20240124;101109;1438.000000000;1;9459291174;S
20240124;101110;1438.400000000;14;9459291338;B
20240124;101110;1438.000000000;600;9459291360;S
20240124;101111;1438.000000000;350;9459291596;S
20240124;101113;1438.000000000;35;9459291825;S
20240124;101113;1438.000000000;7;9459291885;S
20240124;101114;1438.200000000;1;9459292001;B
20240124;101116;1438.200000000;3;9459292143;B
20240124;101116;1438.200000000;2;9459292144;B
20240124;101117;1438.200000000;2;9459292357;B
20240124;101117;1438.200000000;1;9459292368;B
20240124;101119;1438.200000000;1;9459292580;B
20240124;101119;1438.200000000;3;9459292596;B
20240124;101119;1438.200000000;10;9459292698;B
20240124;101121;1438.200000000;3;9459292996;B
20240124;101122;1438.200000000;1;9459293420;B
20240124;101124;1438.200000000;3;9459293666;B
20240124;101129;1438.200000000;3;9459294143;B
20240124;101129;1438.200000000;1;9459294152;B
20240124;101130;1438.000000000;220;9459294258;S
20240124;101130;1438.200000000;10;9459294275;B
20240124;101131;1438.000000000;350;9459294341;S
20240124;101131;1438.000000000;60;9459294342;S
20240124;101132;1438.200000000;1;9459294445;B
20240124;101132;1438.200000000;8;9459294494;B
20240124;101132;1438.200000000;30;9459294495;B
20240124;101132;1438.200000000;1;9459294496;B
20240124;101132;1438.200000000;11;9459294497;B
20240124;101133;1438.200000000;1;9459294612;B
20240124;101134;1438.200000000;2;9459294729;B
20240124;101134;1438.000000000;620;9459294750;S
20240124;101134;1438.000000000;10;9459294751;S
20240124;101134;1438.000000000;1;9459294752;S
20240124;101134;1438.000000000;1;9459294753;S
20240124;101134;1438.000000000;2;9459294754;S
20240124;101134;1438.000000000;1;9459294755;S
20240124;101134;1438.000000000;25;9459294756;S
20240124;101134;1438.000000000;2;9459294757;S
20240124;101134;1438.000000000;300;9459294758;S
20240124;101134;1438.000000000;3;9459294759;S
20240124;101134;1438.000000000;1;9459294760;S
20240124;101134;1438.000000000;3;9459294761;S
20240124;101134;1438.000000000;1;9459294762;S
20240124;101134;1438.000000000;1;9459294763;S
20240124;101136;1438.000000000;1;9459295006;B
20240124;101137;1438.000000000;1;9459295145;B
20240124;101138;1438.000000000;25;9459295221;B
20240124;101141;1437.800000000;1;9459295636;S
20240124;101141;1437.800000000;3;9459295637;S
20240124;101141;1437.800000000;1;9459295638;S
20240124;101141;1437.800000000;3;9459295650;S
20240124;101141;1437.600000000;26;9459295651;S
20240124;101141;1437.600000000;31;9459295652;S
20240124;101141;1437.400000000;11;9459295653;S
20240124;101141;1437.400000000;25;9459295654;S
20240124;101141;1437.200000000;5;9459295655;S
20240124;101141;1437.200000000;1;9459295656;S
20240124;101141;1437.200000000;3;9459295657;S
20240124;101141;1437.200000000;5;9459295658;S
20240124;101141;1437.200000000;34;9459295659;S
20240124;101141;1437.200000000;55;9459295660;S
20240124;101141;1437.200000000;139;9459295661;S
20240124;101141;1437.200000000;100;9459295662;S
20240124;101141;1437.200000000;8;9459295663;S
20240124;101141;1437.200000000;6;9459295664;S
20240124;101141;1437.200000000;25;9459295665;S
20240124;101141;1437.200000000;23;9459295666;S
20240124;101141;1437.800000000;1;9459295667;B
20240124;101142;1437.600000000;3;9459295809;B
20240124;101144;1437.800000000;1;9459296038;B
20240124;101146;1437.600000000;5;9459296251;B
20240124;101146;1437.600000000;3;9459296252;B
20240124;101149;1437.200000000;25;9459296584;S
20240124;101149;1437.200000000;11;9459296585;S
20240124;101149;1437.200000000;2;9459296586;S
20240124;101149;1437.000000000;1;9459296587;S
20240124;101149;1437.000000000;70;9459296588;S
20240124;101149;1437.000000000;1;9459296589;S
20240124;101149;1437.000000000;15;9459296590;S
20240124;101149;1437.000000000;4;9459296591;S
20240124;101149;1437.000000000;5;9459296592;S
20240124;101149;1437.000000000;4;9459296593;S
20240124;101149;1437.000000000;543;9459296594;S
20240124;101149;1437.000000000;4230;9459296595;S
20240124;101149;1437.000000000;2;9459296596;S
20240124;101149;1437.000000000;1;9459296597;S
20240124;101149;1437.000000000;1;9459296598;S
20240124;101149;1437.000000000;55;9459296599;S
20240124;101149;1437.000000000;30;9459296600;S
20240124;101149;1437.200000000;10;9459296663;S
20240124;101151;1437.600000000;1;9459296859;B
20240124;101153;1437.200000000;2;9459297115;S
20240124;101156;1437.400000000;1;9459297430;B
20240124;101156;1437.200000000;1;9459297432;S
20240124;101157;1437.200000000;1;9459297564;S
20240124;101200;1437.200000000;46;9459297845;S
20240124;101200;1437.200000000;30;9459297846;S
20240124;101200;1437.200000000;1;9459297847;S
20240124;101201;1437.200000000;5;9459298073;B
20240124;101206;1437.200000000;1;9459298796;B
20240124;101210;1437.200000000;1;9459299375;B
20240124;101210;1437.200000000;2;9459299377;B
20240124;101211;1437.000000000;1;9459299523;S
20240124;101212;1437.000000000;2;9459299618;S
20240124;101213;1437.000000000;1;9459299750;S
20240124;101214;1437.200000000;25;9459299923;B
20240124;101214;1437.200000000;5;9459299924;B
20240124;101215;1437.400000000;70;9459300003;B
20240124;101216;1437.200000000;30;9459300159;S
20240124;101217;1437.200000000;100;9459300371;B
20240124;101228;1437.400000000;45;9459301822;B
20240124;101228;1437.400000000;2;9459301845;B
20240124;101229;1437.400000000;52;9459301964;B
20240124;101229;1437.600000000;30;9459301965;B
20240124;101229;1437.600000000;10;9459301966;B
20240124;101229;1437.600000000;119;9459301967;B
20240124;101229;1437.800000000;196;9459301968;B
20240124;101229;1437.800000000;25;9459301969;B
20240124;101229;1438.000000000;26;9459301970;B
20240124;101229;1438.000000000;55;9459301971;B
20240124;101229;1438.000000000;62;9459301972;B
20240124;101229;1438.000000000;69;9459301973;B
20240124;101229;1438.000000000;70;9459301974;B
20240124;101229;1438.000000000;300;9459301975;B
20240124;101229;1438.200000000;55;9459301976;B
20240124;101229;1438.400000000;201;9459301977;B
20240124;101229;1438.400000000;350;9459301978;B
20240124;101229;1438.400000000;55;9459301979;B
20240124;101229;1438.400000000;10;9459301980;B
20240124;101229;1438.600000000;139;9459301981;B
20240124;101229;1438.800000000;1;9459301982;B
20240124;101229;1438.800000000;5;9459301983;B
20240124;101229;1439.000000000;1;9459301984;B
20240124;101229;1439.000000000;140;9459301985;B
20240124;101229;1439.000000000;2;9459301986;B
20240124;101229;1439.200000000;2;9459301987;B
20240124;101229;1439.400000000;25;9459301988;B
20240124;101229;1439.200000000;25;9459301991;B
20240124;101229;1439.200000000;75;9459301992;B
20240124;101230;1439.200000000;44;9459302089;B
20240124;101230;1439.200000000;56;9459302090;B
20240124;101230;1439.200000000;1;9459302124;B
20240124;101240;1439.200000000;11;9459303312;B
20240124;101240;1439.200000000;29;9459303313;B
20240124;101241;1439.200000000;1;9459303413;S
20240124;101241;1439.000000000;7;9459303414;S
20240124;101242;1439.200000000;1;9459303553;S
20240124;101245;1438.600000000;3;9459303900;S
20240124;101248;1438.600000000;2;9459304303;S
20240124;101256;1438.800000000;5;9459305531;B
20240124;101256;1439.000000000;2;9459305532;B
20240124;101304;1439.000000000;10;9459306443;B
20240124;101304;1438.200000000;1;9459306521;S
20240124;101305;1438.200000000;195;9459306644;S
20240124;101305;1438.200000000;2;9459306645;S
20240124;101306;1438.800000000;50;9459306933;S
20240124;101306;1438.400000000;29;9459306934;S
20240124;101306;1438.200000000;24;9459306935;S
20240124;101306;1438.200000000;500;9459306936;S
20240124;101306;1438.200000000;25;9459306937;S
20240124;101306;1438.000000000;2;9459306938;S
20240124;101306;1437.800000000;55;9459306939;S
20240124;101306;1437.600000000;5;9459306941;S
20240124;101306;1437.400000000;86;9459307047;S
20240124;101306;1437.600000000;31;9459307048;B
20240124;101310;1437.600000000;41;9459308094;S
20240124;101316;1437.800000000;45;9459309044;B
20240124;101318;1437.800000000;20;9459309201;B
20240124;101320;1437.800000000;1;9459309481;B
20240124;101328;1437.600000000;75;9459310656;S
20240124;101328;1437.600000000;50;9459310657;S
20240124;101328;1437.600000000;173;9459310658;S
20240124;101328;1437.600000000;2;9459310659;S
20240124;101328;1437.600000000;75;9459310712;B
20240124;101329;1437.600000000;1;9459310793;B
20240124;101330;1437.600000000;1;9459310889;B
20240124;101333;1437.400000000;1;9459311291;S
20240124;101333;1437.600000000;10;9459311326;B
20240124;101338;1437.600000000;4;9459312186;B
20240124;101342;1437.600000000;1;9459312716;B
20240124;101342;1437.400000000;20;9459312783;S
20240124;101343;1437.600000000;8;9459312855;B
20240124;101343;1437.600000000;2;9459312856;B
20240124;101344;1437.400000000;9;9459313031;S
20240124;101351;1437.400000000;20;9459314231;S
20240124;101353;1437.600000000;1;9459314635;B
20240124;101353;1437.600000000;4;9459314636;B
20240124;101354;1437.600000000;2;9459314726;B
20240124;101354;1437.400000000;2;9459314773;S
20240124;101356;1437.600000000;2;9459314911;B
20240124;101356;1437.600000000;3;9459314983;B
20240124;101356;1437.600000000;5;9459315044;B
20240124;101357;1437.600000000;9;9459315140;B
20240124;101357;1437.600000000;26;9459315141;B
20240124;101358;1437.600000000;10;9459315263;B
20240124;101359;1437.400000000;1;9459315391;S
20240124;101404;1437.600000000;1;9459316106;B
20240124;101405;1437.400000000;2;9459316221;S
20240124;101405;1437.600000000;46;9459316265;B
20240124;101407;1437.600000000;1;9459316367;B
20240124;101407;1437.600000000;1;9459316434;B
20240124;101408;1437.600000000;2;9459316505;B
20240124;101408;1437.600000000;2;9459316511;B
20240124;101411;1437.600000000;2;9459316931;B
20240124;101412;1437.400000000;3;9459317069;S
20240124;101413;1437.400000000;55;9459317275;S
20240124;101415;1437.600000000;2;9459317479;B
20240124;101423;1437.600000000;7;9459318643;B
20240124;101423;1437.600000000;40;9459318644;B
20240124;101424;1437.400000000;20;9459318738;S
20240124;101425;1437.400000000;2;9459318794;S
20240124;101426;1437.600000000;2;9459319002;B
20240124;101427;1437.400000000;50;9459319187;S
20240124;101428;1437.600000000;5;9459319214;B
20240124;101432;1437.600000000;11;9459319782;B
20240124;101437;1437.600000000;10;9459320384;B
20240124;101443;1437.600000000;1;9459321334;B
20240124;101443;1437.400000000;37;9459321411;S
20240124;101447;1437.600000000;1;9459321956;B
20240124;101449;1437.600000000;4;9459322099;B
20240124;101449;1437.600000000;1;9459322220;B
20240124;101450;1437.600000000;20;9459322325;B
20240124;101451;1437.600000000;1;9459322405;B
20240124;101453;1437.600000000;1;9459322680;B
20240124;101453;1437.600000000;3;9459322719;B
20240124;101453;1437.600000000;36;9459322720;B
20240124;101453;1437.600000000;6;9459322721;B
20240124;101455;1437.600000000;1;9459322996;B
20240124;101455;1437.600000000;7;9459323021;B
20240124;101458;1437.600000000;1;9459323279;B
20240124;101458;1437.400000000;192;9459323372;S
20240124;101458;1437.400000000;10;9459323373;S
20240124;101458;1437.400000000;10;9459323374;S
20240124;101458;1437.400000000;10;9459323375;S
20240124;101458;1437.400000000;2;9459323376;S
20240124;101458;1437.400000000;1;9459323377;S
20240124;101458;1437.200000000;1;9459323378;S
20240124;101458;1437.200000000;1;9459323379;S
20240124;101458;1437.200000000;36;9459323380;S
20240124;101458;1437.000000000;2108;9459323381;S
20240124;101458;1437.000000000;10;9459323382;S
20240124;101458;1437.000000000;2;9459323383;S
20240124;101458;1437.000000000;1;9459323384;S
20240124;101458;1437.000000000;10;9459323385;S
20240124;101458;1437.000000000;1;9459323386;S
20240124;101458;1437.000000000;4;9459323387;S
20240124;101458;1437.000000000;3;9459323388;S
20240124;101458;1437.000000000;1;9459323389;S
20240124;101458;1437.000000000;1;9459323390;S
20240124;101458;1437.000000000;5;9459323391;S
20240124;101458;1437.000000000;2;9459323392;S
20240124;101458;1437.000000000;5;9459323393;S
20240124;101458;1437.000000000;25;9459323394;S
20240124;101458;1437.000000000;107;9459323396;S
20240124;101458;1437.000000000;535;9459323397;S
20240124;101459;1437.000000000;10;9459323434;S
20240124;101459;1437.000000000;25;9459323520;S
20240124;101502;1437.200000000;3;9459323994;B
20240124;101503;1437.200000000;2;9459324224;B
20240124;101503;1437.400000000;8;9459324225;B
20240124;101503;1437.400000000;1;9459324296;B
20240124;101506;1437.000000000;1;9459324955;S
20240124;101507;1437.000000000;887;9459325491;S
20240124;101508;1437.200000000;2;9459325612;B
20240124;101508;1437.000000000;1;9459325672;S
20240124;101510;1437.000000000;1;9459326087;S
20240124;101510;1437.200000000;1;9459326136;B
20240124;101511;1437.200000000;6;9459326405;B
20240124;101514;1437.000000000;487;9459327034;S
20240124;101514;1437.000000000;2;9459327035;S
20240124;101514;1437.000000000;1;9459327036;S
20240124;101514;1437.000000000;10;9459327037;S
20240124;101517;1437.000000000;7;9459327827;S
20240124;101518;1437.000000000;22;9459327877;S
20240124;101518;1437.200000000;1;9459328010;B
20240124;101518;1437.200000000;1;9459328018;B
20240124;101519;1437.200000000;1;9459328106;B
20240124;101522;1437.000000000;1;9459328731;S
20240124;101523;1437.000000000;1;9459328983;S
20240124;101523;1437.000000000;1;9459329142;S
20240124;101525;1437.000000000;24;9459329611;S
20240124;101527;1437.000000000;1;9459329918;S
20240124;101529;1437.000000000;20;9459330241;S
20240124;101529;1437.000000000;1;9459330246;S
20240124;101529;1437.000000000;275;9459330256;S
20240124;101532;1437.200000000;1;9459330795;B
20240124;101532;1437.200000000;1;9459330851;B
20240124;101533;1437.000000000;1;9459331054;S
20240124;101535;1437.000000000;1;9459331633;S
20240124;101536;1437.200000000;23;9459331813;B
20240124;101537;1437.200000000;1;9459332003;B
20240124;101540;1437.000000000;1;9459332369;S
20240124;101544;1437.000000000;198;9459332960;S
20240124;101544;1437.200000000;5;9459332977;B
20240124;101544;1437.200000000;1;9459333065;B
20240124;101545;1437.000000000;1;9459333122;S
20240124;101545;1437.000000000;1;9459333199;S
20240124;101547;1437.200000000;1;9459333398;B
20240124;101551;1437.200000000;1;9459334023;B
20240124;101552;1437.000000000;1;9459334074;S
20240124;101554;1437.000000000;2;9459334507;S
20240124;101556;1437.000000000;45;9459334805;S
20240124;101556;1437.000000000;1;9459334806;S
20240124;101556;1437.000000000;3;9459334807;S
20240124;101556;1437.000000000;1;9459334808;S
20240124;101559;1437.000000000;1;9459335715;S
20240124;101559;1437.000000000;2;9459335724;S
20240124;101559;1437.000000000;2;9459335770;S
20240124;101559;1437.000000000;1;9459335804;S
20240124;101600;1437.000000000;1;9459335971;S
20240124;101601;1437.200000000;10;9459336139;B
20240124;101602;1437.200000000;10;9459336241;B
20240124;101604;1437.200000000;2;9459336646;B
20240124;101604;1437.000000000;1;9459336647;S
20240124;101605;1437.000000000;1;9459336687;S
20240124;101606;1437.000000000;3;9459337059;S
20240124;101606;1437.200000000;7;9459337082;B
20240124;101608;1437.000000000;1;9459337428;S
20240124;101608;1437.000000000;1;9459337429;S
20240124;101608;1437.000000000;1;9459337583;S
20240124;101609;1437.000000000;84;9459337683;S
20240124;101609;1437.000000000;1;9459337684;S
20240124;101609;1437.000000000;2;9459337685;S
20240124;101609;1437.000000000;13;9459337686;S
20240124;101609;1437.000000000;1;9459337687;S
20240124;101611;1437.000000000;1;9459338125;S
20240124;101611;1437.000000000;1;9459338208;S
20240124;101612;1437.000000000;1;9459338245;S
20240124;101613;1437.000000000;1;9459338365;S
20240124;101615;1437.200000000;1;9459338906;B
20240124;101617;1437.000000000;1;9459339336;S
20240124;101618;1437.000000000;11;9459339486;S
20240124;101618;1437.200000000;1;9459339526;B
20240124;101621;1437.000000000;1;9459340440;S
20240124;101621;1437.000000000;1;9459340441;S
20240124;101624;1437.000000000;2;9459340922;S
20240124;101625;1437.200000000;1;9459341012;B
20240124;101625;1437.000000000;1;9459341062;S
20240124;101626;1437.000000000;1;9459341178;S
20240124;101626;1437.000000000;500;9459341241;S
20240124;101626;1437.000000000;15;9459341262;S
20240124;101626;1437.000000000;2;9459341263;S
20240124;101627;1437.000000000;1;9459341464;S
20240124;101629;1437.200000000;15;9459341670;B
20240124;101629;1437.200000000;1;9459341690;B
20240124;101629;1437.200000000;6;9459341755;B
20240124;101629;1437.000000000;1;9459341756;S
20240124;101630;1437.200000000;1;9459341860;B
20240124;101630;1437.000000000;30;9459341897;S
20240124;101630;1437.000000000;2;9459341916;S
20240124;101630;1437.000000000;1;9459341928;S
20240124;101630;1437.000000000;1;9459341990;S
20240124;101631;1437.200000000;199;9459342036;B
20240124;101631;1437.200000000;36;9459342037;B
20240124;101631;1437.200000000;348;9459342038;B
20240124;101631;1437.200000000;300;9459342039;B
20240124;101631;1437.200000000;25;9459342040;B
20240124;101631;1437.400000000;196;9459342041;B
20240124;101631;1437.400000000;4;9459342042;B
20240124;101631;1437.600000000;185;9459342043;B
20240124;101631;1437.600000000;15;9459342044;B
20240124;101631;1437.600000000;100;9459342045;B
20240124;101631;1437.600000000;92;9459342046;B
20240124;101632;1437.200000000;4;9459342252;S
20240124;101634;1437.400000000;3;9459342666;B
20240124;101636;1437.600000000;56;9459342862;B
20240124;101637;1437.200000000;150;9459343009;S
20240124;101638;1437.200000000;10;9459343156;S
20240124;101640;1437.200000000;32;9459343412;S
20240124;101640;1437.000000000;17;9459343413;S
20240124;101642;1437.400000000;1;9459343648;B
20240124;101643;1437.400000000;1;9459343833;B
20240124;101643;1437.600000000;9;9459343834;B
20240124;101645;1437.200000000;42;9459344172;S
20240124;101650;1437.600000000;1;9459344830;B
20240124;101650;1437.200000000;18;9459344859;S
20240124;101650;1437.000000000;82;9459344860;S
20240124;101651;1437.600000000;100;9459345002;B
20240124;101651;1437.600000000;13;9459345024;B
20240124;101653;1437.400000000;1;9459345162;B
20240124;101653;1437.400000000;2;9459345163;B
20240124;101655;1437.400000000;1;9459345375;B
20240124;101655;1437.400000000;1;9459345395;B
20240124;101655;1437.400000000;1;9459345411;B
20240124;101655;1437.400000000;1;9459345417;B
20240124;101658;1437.400000000;1;9459345709;B
20240124;101658;1437.600000000;1;9459345723;B
20240124;101701;1437.600000000;1;9459346190;B
20240124;101703;1437.600000000;1;9459346539;B
20240124;101705;1437.600000000;3;9459346818;B
20240124;101709;1437.600000000;2;9459347220;B
20240124;101710;1437.400000000;5;9459347460;S
20240124;101711;1437.600000000;1;9459347593;B
20240124;101716;1437.600000000;1;9459348240;B
20240124;101718;1437.600000000;15;9459348456;B
20240124;101718;1437.600000000;35;9459348457;B
20240124;101718;1437.600000000;3;9459348459;B
20240124;101723;1437.400000000;1;9459348984;B
20240124;101723;1437.400000000;1;9459349045;B
20240124;101730;1437.200000000;1;9459349830;S
20240124;101732;1437.200000000;5;9459350123;S
20240124;101732;1437.400000000;1;9459350142;B
20240124;101734;1437.400000000;1;9459350355;B
20240124;101734;1437.400000000;1;9459350356;B
20240124;101736;1437.400000000;1;9459350766;B
20240124;101738;1437.400000000;1;9459351139;B
20240124;101740;1437.400000000;2;9459351367;B
20240124;101741;1437.200000000;1;9459351716;S
20240124;101742;1437.400000000;1;9459351876;B
20240124;101743;1437.200000000;6;9459352050;S
20240124;101743;1437.200000000;5;9459352051;S
20240124;101749;1437.400000000;1;9459352705;B
20240124;101749;1437.400000000;2;9459352707;B
20240124;101752;1437.400000000;1;9459353084;B
20240124;101757;1437.400000000;1;9459353798;B
20240124;101758;1437.200000000;3;9459353908;S
20240124;101759;1437.400000000;2;9459354013;B
20240124;101802;1437.200000000;8;9459354332;S
20240124;101806;1437.400000000;13;9459354817;B
20240124;101806;1437.400000000;37;9459354818;B
20240124;101806;1437.600000000;25;9459354819;B
20240124;101806;1437.600000000;137;9459354849;B
20240124;101806;1437.600000000;30;9459354850;B
20240124;101806;1437.600000000;40;9459354851;B
20240124;101806;1437.600000000;1;9459354852;B
20240124;101806;1437.600000000;92;9459354853;B
20240124;101806;1437.600000000;8;9459354984;B
20240124;101806;1437.600000000;25;9459354985;B
20240124;101806;1437.600000000;42;9459354986;B
20240124;101806;1437.200000000;8;9459355029;S
20240124;101806;1437.200000000;5;9459355030;S
20240124;101806;1437.200000000;30;9459355031;S
20240124;101806;1437.200000000;105;9459355032;S
20240124;101806;1437.200000000;144;9459355033;S
20240124;101806;1437.200000000;37;9459355034;S
20240124;101806;1437.000000000;296;9459355035;S
20240124;101807;1437.600000000;208;9459355129;B
20240124;101807;1437.600000000;17;9459355130;B
20240124;101807;1437.600000000;1;9459355131;B
20240124;101808;1437.600000000;1;9459355335;B
20240124;101811;1437.400000000;37;9459356124;S
20240124;101811;1437.400000000;33;9459356125;S
20240124;101815;1437.600000000;3;9459356883;B
20240124;101818;1437.600000000;1;9459357436;B
20240124;101819;1437.600000000;2;9459357527;B
20240124;101819;1437.600000000;1;9459357613;B
20240124;101820;1437.600000000;16;9459357768;B
20240124;101820;1437.600000000;4;9459357769;B
20240124;101820;1437.600000000;11;9459357816;B
20240124;101820;1437.600000000;68;9459357817;B
20240124;101822;1437.600000000;2;9459358031;B
20240124;101823;1437.600000000;3;9459358149;B
20240124;101824;1437.600000000;7;9459358215;B
20240124;101824;1437.800000000;3;9459358277;B
20240124;101828;1437.800000000;20;9459358599;B
20240124;101828;1437.600000000;23;9459358616;S
20240124;101828;1437.600000000;37;9459358617;S
20240124;101828;1437.800000000;1;9459358636;B
20240124;101828;1437.800000000;1;9459358731;B
20240124;101829;1437.800000000;4;9459358845;B
20240124;101831;1437.800000000;2;9459358977;B
20240124;101832;1437.600000000;2;9459359129;S
20240124;101833;1437.600000000;2;9459359189;S
20240124;101833;1437.800000000;447;9459359226;B
20240124;101833;1437.800000000;300;9459359269;B
20240124;101835;1437.800000000;1;9459359492;B
20240124;101835;1437.800000000;20;9459359541;B
20240124;101839;1437.800000000;1;9459359916;B
20240124;101842;1437.600000000;64;9459360218;S
20240124;101842;1437.600000000;10;9459360219;S
20240124;101842;1437.600000000;5;9459360220;S
20240124;101842;1437.600000000;10;9459360221;S
20240124;101842;1437.600000000;15;9459360222;S
20240124;101842;1437.400000000;1;9459360223;S
20240124;101842;1437.400000000;11;9459360224;S
20240124;101842;1437.400000000;250;9459360225;S
20240124;101842;1437.400000000;22;9459360226;S
20240124;101845;1437.800000000;20;9459360547;B
20240124;101846;1437.800000000;530;9459360632;B
20240124;101846;1437.800000000;1;9459360634;B
20240124;101851;1437.800000000;120;9459361142;B
20240124;101851;1437.800000000;1;9459361164;B
20240124;101852;1437.800000000;1;9459361214;B
20240124;101852;1437.800000000;2;9459361254;B
20240124;101854;1437.800000000;35;9459361439;B
20240124;101854;1437.800000000;1;9459361482;B
20240124;101855;1437.600000000;1;9459361569;S
20240124;101855;1437.600000000;39;9459361570;S
20240124;101855;1437.600000000;15;9459361571;S
20240124;101855;1437.400000000;105;9459361572;S
20240124;101855;1437.400000000;2;9459361573;S
20240124;101855;1437.200000000;75;9459361574;S
20240124;101855;1437.000000000;16;9459361575;S
20240124;101855;1437.000000000;10;9459361576;S
20240124;101855;1437.000000000;20;9459361577;S
20240124;101855;1437.000000000;17;9459361578;S
20240124;101859;1437.800000000;1;9459362034;B
20240124;101900;1437.800000000;1;9459362128;B
20240124;101902;1437.800000000;1;9459362396;B
20240124;101903;1437.800000000;20;9459362535;B
20240124;101910;1437.800000000;2;9459363330;B
20240124;101917;1437.800000000;7;9459364116;B
20240124;101917;1437.600000000;1;9459364171;S
20240124;101923;1437.800000000;7;9459364698;B
20240124;101924;1437.800000000;5;9459364809;B
20240124;101930;1437.800000000;16;9459365360;B
20240124;101932;1437.800000000;1;9459365533;B
20240124;101933;1437.600000000;3;9459365642;S
20240124;101934;1437.800000000;50;9459365787;B
20240124;101935;1437.600000000;8;9459365947;S
20240124;101935;1437.600000000;12;9459365948;S
20240124;101936;1437.800000000;1;9459366035;B
20240124;101937;1437.800000000;2;9459366138;B
20240124;101938;1437.400000000;80;9459366304;S
20240124;101941;1437.600000000;1;9459366694;B
20240124;101942;1437.600000000;5;9459366839;B
20240124;101943;1437.800000000;1;9459366881;B
20240124;101943;1437.800000000;1;9459366898;B
20240124;101947;1437.800000000;3;9459367347;B
20240124;101949;1437.800000000;1;9459367585;B
20240124;101953;1437.800000000;2;9459368010;B
20240124;101956;1437.800000000;11;9459368329;B
20240124;101957;1437.600000000;7;9459368470;S
20240124;101957;1437.600000000;1;9459368471;S
20240124;101957;1437.600000000;2;9459368472;S
20240124;101957;1437.600000000;5;9459368473;S
20240124;101957;1437.400000000;5;9459368474;S
20240124;101957;1437.800000000;3;9459368484;B
20240124;101958;1437.800000000;20;9459368656;B
20240124;102003;1437.800000000;1;9459369270;B
20240124;102004;1437.800000000;20;9459369405;B
20240124;102005;1437.600000000;14;9459369507;B
20240124;102005;1437.400000000;2;9459369567;S
20240124;102005;1437.400000000;94;9459369568;S
20240124;102008;1437.400000000;1;9459370015;S
20240124;102008;1437.600000000;3;9459370045;B
20240124;102008;1437.800000000;59;9459370046;B
20240124;102009;1437.800000000;2;9459370119;B
20240124;102015;1437.800000000;3;9459370978;B
20240124;102019;1437.800000000;1;9459371362;B
20240124;102021;1437.800000000;2;9459371749;B
20240124;102023;1437.400000000;5;9459372186;S
20240124;102026;1437.400000000;9;9459372510;S
20240124;102032;1437.400000000;4;9459373341;S
20240124;102033;1437.800000000;2;9459373405;B
20240124;102035;1437.400000000;101;9459373625;S
20240124;102035;1437.400000000;1;9459373626;S
20240124;102035;1437.400000000;29;9459373627;S
20240124;102035;1437.400000000;1;9459373703;B
20240124;102035;1437.400000000;1;9459373704;B
20240124;102036;1437.400000000;1;9459373801;B
20240124;102037;1437.400000000;2;9459374007;B
20240124;102037;1437.400000000;6;9459374078;B
20240124;102041;1437.400000000;1;9459374471;B
20240124;102043;1437.400000000;1;9459374739;B
20240124;102044;1437.400000000;1;9459374794;B
20240124;102046;1437.400000000;5;9459374985;B
20240124;102048;1437.400000000;1;9459375248;B
20240124;102054;1437.400000000;2;9459376194;B
20240124;102056;1437.200000000;1;9459376375;S
20240124;102056;1437.200000000;1;9459376376;S
20240124;102056;1437.200000000;3;9459376377;S
20240124;102058;1437.400000000;1;9459376704;B
20240124;102058;1437.200000000;72;9459376921;S
20240124;102058;1437.200000000;1;9459376922;S
20240124;102058;1437.200000000;43;9459376923;S
20240124;102058;1437.200000000;10;9459376924;S
20240124;102058;1437.200000000;1;9459376925;S
20240124;102058;1437.000000000;36;9459376926;S
20240124;102058;1437.000000000;1;9459376927;S
20240124;102058;1437.000000000;1;9459376928;S
20240124;102058;1437.000000000;1;9459376929;S
20240124;102058;1437.000000000;5;9459376930;S
20240124;102058;1437.000000000;1;9459376931;S
20240124;102058;1437.000000000;216;9459376932;S
20240124;102106;1437.400000000;3;9459377722;B
20240124;102106;1437.400000000;10;9459377734;B
20240124;102109;1437.400000000;5;9459378120;B
20240124;102112;1437.000000000;10;9459378695;S
20240124;102116;1437.000000000;50;9459379302;S
20240124;102117;1437.200000000;1;9459379469;B
20240124;102122;1437.200000000;2;9459380085;B
20240124;102123;1437.200000000;1;9459380246;B
20240124;102130;1437.000000000;15;9459381096;S
20240124;102132;1437.200000000;1;9459381206;B
20240124;102133;1437.200000000;1;9459381408;B
20240124;102137;1437.000000000;5;9459381905;S
20240124;102138;1437.200000000;99;9459382066;B
20240124;102138;1437.200000000;43;9459382067;B
20240124;102138;1437.200000000;15;9459382068;B
20240124;102138;1437.400000000;78;9459382069;B
20240124;102138;1437.400000000;55;9459382070;B
20240124;102138;1437.400000000;4;9459382071;B
20240124;102138;1437.400000000;7;9459382072;B
20240124;102138;1437.400000000;139;9459382073;B
20240124;102138;1437.600000000;196;9459382074;B
20240124;102138;1437.600000000;10;9459382075;B
20240124;102138;1437.600000000;1;9459382076;B
20240124;102138;1437.600000000;25;9459382077;B
20240124;102138;1437.600000000;55;9459382078;B
20240124;102138;1437.600000000;70;9459382079;B
20240124;102138;1437.600000000;5;9459382080;B
20240124;102138;1437.800000000;2492;9459382081;B
20240124;102138;1437.800000000;26;9459382082;B
20240124;102138;1437.800000000;11;9459382083;B
20240124;102138;1437.800000000;68;9459382084;B
20240124;102138;1437.800000000;5;9459382085;B
20240124;102138;1437.800000000;99;9459382086;B
20240124;102138;1437.800000000;30;9459382087;B
20240124;102138;1437.800000000;55;9459382088;B
20240124;102138;1437.800000000;250;9459382178;S
20240124;102141;1438.000000000;1;9459382449;B
20240124;102141;1437.800000000;21;9459382491;S
20240124;102142;1438.000000000;1;9459382583;B
20240124;102143;1437.800000000;10;9459382659;S
20240124;102145;1438.000000000;1;9459383012;B
20240124;102147;1438.000000000;10;9459383251;B
20240124;102148;1437.800000000;5;9459383318;S
20240124;102149;1438.000000000;1;9459383454;B
