<DATE>;<TIME>;<LAST>;<VOL>;<ID>;<OPER>
20240116;095954;1498.000000000;23;9393887194;B
20240116;095954;1498.000000000;1;9393887195;B
20240116;095954;1498.000000000;1;9393887196;B
20240116;095954;1498.000000000;5;9393887197;B
20240116;095954;1498.000000000;3;9393887198;S
20240116;095954;1498.000000000;1;9393887199;S
20240116;095954;1498.000000000;1;9393887200;S
20240116;095954;1498.000000000;1;9393887201;B
20240116;095954;1498.000000000;2;9393887202;B
20240116;095954;1498.000000000;1;9393887203;B
20240116;095954;1498.000000000;10;9393887204;B
20240116;095954;1498.000000000;7;9393887205;B
20240116;095954;1498.000000000;2;9393887206;B
20240116;095954;1498.000000000;25;9393887207;S
20240116;095954;1498.000000000;3;9393887208;S
20240116;095954;1498.000000000;20;9393887209;B
20240116;095954;1498.000000000;1;9393887210;B
20240116;095954;1498.000000000;5;9393887211;B
20240116;095954;1498.000000000;1;9393887212;B
20240116;095954;1498.000000000;2;9393887213;B
20240116;095954;1498.000000000;1;9393887214;S
20240116;095954;1498.000000000;45;9393887215;B
20240116;095954;1498.000000000;2;9393887216;B
20240116;095954;1498.000000000;10;9393887217;S
20240116;095954;1498.000000000;2;9393887218;S
20240116;095954;1498.000000000;20;9393887219;S
20240116;095954;1498.000000000;10;9393887220;S
20240116;095954;1498.000000000;10;9393887221;S
20240116;095954;1498.000000000;10;9393887222;S
20240116;095954;1498.000000000;1;9393887223;S
20240116;095954;1498.000000000;1;9393887224;S
20240116;095954;1498.000000000;2;9393887225;B
20240116;095954;1498.000000000;50;9393887226;B
20240116;095954;1498.000000000;1;9393887227;B
20240116;095954;1498.000000000;4;9393887228;B
20240116;095954;1498.000000000;1;9393887229;B
20240116;095954;1498.000000000;7;9393887230;B
20240116;095954;1498.000000000;5;9393887231;B
20240116;095954;1498.000000000;5;9393887232;B
20240116;095954;1498.000000000;19;9393887233;S
20240116;095954;1498.000000000;20;9393887234;B
20240116;095954;1498.000000000;2;9393887235;B
20240116;095954;1498.000000000;2;9393887236;B
20240116;095954;1498.000000000;1;9393887237;B
20240116;095954;1498.000000000;4;9393887238;B
20240116;095954;1498.000000000;200;9393887239;B
20240116;095954;1498.000000000;2;9393887240;B
20240116;095954;1498.000000000;2;9393887241;B
20240116;095954;1498.000000000;150;9393887242;B
20240116;095954;1498.000000000;1;9393887243;B
20240116;095954;1498.000000000;42;9393887244;B
20240116;095954;1498.000000000;20;9393887245;B
20240116;095954;1498.000000000;10;9393887246;B
20240116;095954;1498.000000000;326;9393887247;B
20240116;095954;1498.000000000;1;9393887248;B
20240116;095954;1498.000000000;25;9393887249;B
20240116;095954;1498.000000000;331;9393887250;B
20240116;095954;1498.000000000;25;9393887251;B
20240116;095954;1498.000000000;300;9393887252;S
20240116;095954;1498.000000000;300;9393887253;S
20240116;095954;1498.000000000;10;9393887254;B
20240116;095954;1498.000000000;335;9393887255;S
20240116;095954;1498.000000000;1;9393887256;S
20240116;095954;1498.000000000;1;9393887257;B
20240116;095954;1498.000000000;10;9393887258;B
20240116;095954;1498.000000000;5;9393887259;B
20240116;095954;1498.000000000;1;9393887260;S
20240116;095954;1498.000000000;257;9393887261;S
20240116;100000;1497.000000000;30;9393889820;B
20240116;100001;1495.000000000;15;9393890468;S
20240116;100001;1494.800000000;12;9393890469;S
20240116;100001;1495.800000000;65;9393890899;B
20240116;100001;1494.800000000;25;9393890942;S
20240116;100001;1494.800000000;1;9393890955;S
20240116;100002;1494.800000000;5;9393891267;S
20240116;100002;1494.800000000;10;9393891397;S
20240116;100002;1494.800000000;2;9393891398;S
20240116;100002;1494.800000000;94;9393891399;S
20240116;100002;1494.600000000;53;9393891400;S
20240116;100002;1494.600000000;100;9393891401;S
20240116;100002;1494.400000000;53;9393891402;S
20240116;100002;1494.400000000;96;9393891403;S
20240116;100004;1494.800000000;1;9393892431;B
20240116;100004;1494.800000000;3;9393892915;B
20240116;100004;1495.000000000;1;9393892916;B
20240116;100004;1495.000000000;2;9393892917;B
20240116;100004;1495.000000000;1;9393892918;B
20240116;100005;1495.000000000;1;9393893054;B
20240116;100005;1495.000000000;1;9393893101;B
20240116;100005;1495.000000000;1;9393893479;B
20240116;100005;1495.000000000;1;9393893483;B
20240116;100005;1494.400000000;2;9393893488;S
20240116;100005;1494.200000000;1;9393893489;S
20240116;100005;1494.000000000;1;9393893490;S
20240116;100005;1494.000000000;30;9393893491;S
20240116;100005;1493.800000000;6;9393893798;S
20240116;100005;1493.800000000;47;9393893983;S
20240116;100005;1493.800000000;4;9393893984;S
20240116;100005;1494.800000000;1;9393894205;B
20240116;100005;1493.800000000;1;9393894213;S
20240116;100005;1495.000000000;1;9393894836;B
20240116;100006;1493.800000000;10;9393895138;S
20240116;100006;1495.000000000;1;9393895140;B
20240116;100006;1495.000000000;4;9393895141;B
20240116;100006;1493.800000000;20;9393895316;S
20240116;100006;1493.800000000;1;9393895695;S
20240116;100006;1495.000000000;2;9393895866;B
20240116;100007;1493.800000000;4;9393896188;S
20240116;100007;1493.800000000;93;9393896608;S
20240116;100007;1493.800000000;3;9393896609;S
20240116;100007;1493.600000000;53;9393896610;S
20240116;100007;1493.400000000;53;9393896611;S
20240116;100007;1493.400000000;117;9393896612;S
20240116;100007;1493.400000000;16;9393896613;S
20240116;100007;1493.200000000;53;9393896614;S
20240116;100008;1494.600000000;7;9393896965;B
20240116;100010;1494.400000000;9;9393899703;B
20240116;100010;1494.400000000;3;9393899781;B
20240116;100011;1494.400000000;1;9393899794;B
20240116;100011;1494.400000000;14;9393899974;B
20240116;100011;1494.400000000;5;9393899982;B
20240116;100011;1494.600000000;4;9393899983;B
20240116;100013;1493.600000000;1;9393901070;S
20240116;100013;1493.600000000;2;9393901071;S
20240116;100014;1493.800000000;1;9393901749;S
20240116;100015;1494.400000000;1;9393902396;S
20240116;100016;1494.600000000;1;9393902503;B
20240116;100018;1494.600000000;1;9393902979;S
20240116;100018;1494.400000000;299;9393902980;S
20240116;100018;1494.400000000;5;9393902981;S
20240116;100018;1494.200000000;53;9393902982;S
20240116;100018;1494.000000000;53;9393902983;S
20240116;100018;1493.800000000;53;9393902984;S
20240116;100018;1493.800000000;166;9393902985;S
20240116;100021;1494.600000000;2;9393903785;B
20240116;100028;1493.600000000;10;9393906552;S
20240116;100033;1493.600000000;60;9393907592;S
20240116;100037;1494.000000000;10;9393908345;S
20240116;100037;1493.800000000;6;9393908346;S
20240116;100037;1493.600000000;4;9393908347;S
20240116;100041;1493.600000000;2;9393909189;S
20240116;100042;1493.800000000;12;9393909672;S
20240116;100042;1493.600000000;48;9393909673;S
20240116;100044;1494.200000000;2;9393909960;B
20240116;100046;1493.600000000;174;9393910453;S
20240116;100046;1493.600000000;1;9393910454;S
20240116;100046;1493.600000000;1;9393910455;S
20240116;100046;1493.400000000;3;9393910456;S
20240116;100046;1493.400000000;1;9393910457;S
20240116;100046;1493.400000000;20;9393910458;S
20240116;100048;1494.000000000;37;9393910845;B
20240116;100048;1494.000000000;6;9393910846;B
20240116;100048;1494.000000000;35;9393910847;B
20240116;100048;1494.000000000;22;9393910848;B
20240116;100048;1494.200000000;50;9393910849;B
20240116;100049;1493.400000000;5;9393911136;S
20240116;100049;1493.400000000;6;9393911137;S
20240116;100049;1494.200000000;4;9393911288;B
20240116;100054;1494.000000000;2;9393912232;B
20240116;100056;1493.400000000;19;9393912622;S
20240116;100056;1493.200000000;6;9393912623;S
20240116;100056;1493.000000000;7;9393912624;S
20240116;100056;1494.000000000;35;9393912636;B
20240116;100056;1494.000000000;4;9393912767;B
20240116;100057;1494.000000000;12;9393912800;B
20240116;100057;1494.000000000;6;9393912801;B
20240116;100057;1494.200000000;3;9393912802;B
20240116;100102;1494.000000000;3;9393924255;B
20240116;100102;1493.400000000;13;9393924267;S
20240116;100107;1494.000000000;1;9393924912;B
20240116;100110;1494.000000000;3;9393925370;B
20240116;100110;1494.000000000;1;9393925380;B
20240116;100110;1494.000000000;1;9393925385;B
20240116;100111;1494.000000000;44;9393925663;B
20240116;100111;1494.000000000;6;9393925664;B
20240116;100111;1494.000000000;20;9393925665;S
20240116;100116;1494.000000000;5;9393926382;B
20240116;100116;1494.000000000;6;9393926383;B
20240116;100116;1494.000000000;20;9393926384;B
20240116;100116;1494.200000000;11;9393926385;B
20240116;100134;1493.800000000;1;9393929200;S
20240116;100135;1493.800000000;3;9393929354;S
20240116;100138;1493.600000000;25;9393929793;S
20240116;100138;1493.400000000;1;9393929794;S
20240116;100138;1493.400000000;74;9393929795;S
20240116;100140;1494.000000000;1;9393929990;B
20240116;100140;1494.000000000;6;9393929991;B
20240116;100145;1493.600000000;2;9393930827;S
20240116;100145;1493.600000000;1;9393930828;S
20240116;100146;1493.400000000;7;9393930942;S
20240116;100146;1493.400000000;212;9393930943;S
20240116;100150;1493.000000000;1;9393931562;S
20240116;100156;1493.000000000;3;9393932337;S
20240116;100200;1493.600000000;5;9393932937;B
20240116;100200;1493.600000000;3;9393933032;B
20240116;100202;1493.600000000;1;9393933150;B
20240116;100206;1493.000000000;1;9393933764;S
20240116;100221;1493.600000000;1;9393936067;B
20240116;100221;1493.600000000;1;9393936075;B
20240116;100222;1493.200000000;1;9393936167;S
20240116;100229;1493.600000000;1;9393937233;B
20240116;100230;1493.200000000;25;9393937289;S
20240116;100231;1493.200000000;1;9393937406;B
20240116;100234;1493.200000000;1;9393937858;B
20240116;100238;1493.200000000;2;9393938469;B
20240116;100239;1493.000000000;10;9393938651;S
20240116;100239;1493.200000000;1;9393938751;B
20240116;100243;1493.200000000;7;9393939512;B
20240116;100244;1493.200000000;1;9393939628;B
20240116;100249;1493.200000000;3;9393940308;B
20240116;100251;1493.200000000;2;9393940658;B
20240116;100252;1493.200000000;1;9393940838;B
20240116;100254;1493.000000000;1;9393941035;S
20240116;100257;1493.200000000;3;9393941530;B
20240116;100257;1493.000000000;15;9393941549;S
20240116;100257;1493.200000000;9;9393941603;B
20240116;100259;1493.000000000;1;9393942005;S
20240116;100300;1493.200000000;2;9393942098;B
20240116;100302;1493.200000000;1;9393942516;B
20240116;100304;1493.000000000;7;9393942922;S
20240116;100305;1493.200000000;1;9393943024;B
20240116;100308;1493.200000000;5;9393943652;B
20240116;100311;1493.000000000;586;9393944223;S
20240116;100314;1493.200000000;1;9393944657;B
20240116;100316;1493.000000000;100;9393944849;S
20240116;100317;1493.000000000;150;9393945192;S
20240116;100317;1493.200000000;2;9393945217;B
20240116;100318;1493.200000000;1;9393945352;B
20240116;100319;1493.200000000;2;9393945448;B
20240116;100319;1493.200000000;1;9393945468;B
20240116;100320;1493.200000000;1;9393945603;B
20240116;100320;1493.200000000;1;9393945649;B
20240116;100321;1493.200000000;1;9393945683;B
20240116;100321;1493.200000000;2;9393945708;B
20240116;100321;1493.200000000;1;9393945742;B
20240116;100322;1493.200000000;2;9393945768;B
20240116;100322;1493.200000000;1;9393945825;B
20240116;100323;1493.200000000;1;9393946125;B
20240116;100324;1493.200000000;1;9393946273;B
20240116;100332;1493.200000000;1;9393947428;B
20240116;100333;1493.200000000;3;9393947539;B
20240116;100335;1493.000000000;10;9393947849;S
20240116;100335;1493.000000000;5;9393947924;S
20240116;100336;1493.200000000;1;9393948073;B
20240116;100340;1493.200000000;1;9393948611;B
20240116;100340;1493.000000000;2;9393948624;S
20240116;100341;1493.000000000;8;9393948801;S
20240116;100343;1493.200000000;22;9393948911;B
20240116;100343;1493.200000000;11;9393948912;B
20240116;100345;1493.000000000;180;9393949193;S
20240116;100348;1493.200000000;1;9393949778;B
20240116;100350;1493.200000000;38;9393950028;B
20240116;100350;1493.200000000;32;9393950029;B
20240116;100355;1493.200000000;1;9393950645;B
20240116;100356;1493.200000000;1;9393950701;B
20240116;100357;1493.000000000;2;9393950863;S
20240116;100400;1493.200000000;51;9393951462;B
20240116;100400;1493.200000000;112;9393951463;B
20240116;100400;1493.200000000;20;9393951464;B
20240116;100400;1493.200000000;49;9393951465;B
20240116;100400;1493.400000000;18;9393951466;B
20240116;100405;1493.200000000;53;9393952454;B
20240116;100405;1493.200000000;47;9393952455;B
20240116;100406;1493.000000000;1;9393952530;S
20240116;100408;1493.000000000;1;9393952961;S
20240116;100408;1493.000000000;1;9393953044;S
20240116;100408;1493.000000000;2;9393953262;S
20240116;100408;1493.200000000;9;9393953359;B
20240116;100408;1493.200000000;51;9393953360;B
20240116;100408;1493.200000000;53;9393953361;B
20240116;100408;1493.200000000;7;9393953362;B
20240116;100408;1493.000000000;1;9393953363;S
20240116;100409;1493.000000000;17;9393953451;S
20240116;100409;1493.000000000;200;9393953593;S
20240116;100410;1493.000000000;5;9393953823;S
20240116;100410;1493.200000000;1;9393953915;B
20240116;100412;1493.000000000;32;9393954235;S
20240116;100413;1493.000000000;1;9393954269;S
20240116;100414;1493.000000000;1;9393954531;S
20240116;100414;1493.000000000;40;9393954538;S
20240116;100414;1493.000000000;53;9393954769;S
20240116;100414;1493.000000000;53;9393954784;S
20240116;100414;1493.000000000;53;9393954785;S
20240116;100414;1493.000000000;1;9393954814;S
20240116;100415;1493.000000000;151;9393954847;S
20240116;100415;1493.200000000;20;9393954853;B
20240116;100415;1493.000000000;1;9393954960;S
20240116;100416;1493.000000000;1;9393955206;S
20240116;100417;1493.000000000;3878;9393955247;S
20240116;100417;1493.000000000;425;9393955381;S
20240116;100417;1493.000000000;175;9393955382;S
20240116;100417;1493.000000000;53;9393955383;S
20240116;100417;1493.000000000;2;9393955384;S
20240116;100418;1493.000000000;270;9393955442;S
20240116;100418;1493.000000000;1;9393955443;S
20240116;100418;1493.000000000;1;9393955444;S
20240116;100418;1493.000000000;1;9393955445;S
20240116;100418;1493.000000000;1;9393955446;S
20240116;100418;1493.000000000;50;9393955447;S
20240116;100418;1493.000000000;1;9393955448;S
20240116;100418;1493.000000000;1;9393955449;S
20240116;100418;1493.000000000;1;9393955450;S
20240116;100418;1492.600000000;7;9393955451;S
20240116;100418;1492.400000000;50;9393955452;S
20240116;100418;1492.200000000;1;9393955453;S
20240116;100418;1492.200000000;5;9393955454;S
20240116;100418;1492.200000000;1;9393955455;S
20240116;100418;1492.200000000;1;9393955456;S
20240116;100418;1492.200000000;1;9393955457;S
20240116;100418;1492.200000000;3;9393955458;S
20240116;100418;1492.200000000;10;9393955459;S
20240116;100418;1492.200000000;1;9393955460;S
20240116;100418;1492.200000000;49;9393955461;S
20240116;100418;1492.200000000;1;9393955462;S
20240116;100418;1492.200000000;1;9393955463;S
20240116;100418;1492.200000000;1;9393955464;S
20240116;100418;1492.200000000;2;9393955465;S
20240116;100418;1492.200000000;35;9393955466;S
20240116;100418;1492.200000000;13;9393955467;S
20240116;100418;1492.200000000;1;9393955468;S
20240116;100418;1492.200000000;3;9393955469;S
20240116;100418;1492.000000000;2;9393955471;S
20240116;100418;1492.000000000;1;9393955472;S
20240116;100418;1492.000000000;1;9393955473;S
20240116;100418;1492.000000000;26;9393955474;S
20240116;100418;1491.800000000;1;9393955475;S
20240116;100418;1491.800000000;84;9393955476;S
20240116;100418;1491.600000000;1;9393955477;S
20240116;100418;1491.200000000;3;9393955481;S
20240116;100418;1491.000000000;8;9393955482;S
20240116;100418;1491.000000000;1;9393955483;S
20240116;100418;1490.800000000;1;9393955484;S
20240116;100418;1490.800000000;25;9393955485;S
20240116;100418;1490.600000000;1;9393955486;S
20240116;100418;1490.600000000;1;9393955487;S
20240116;100418;1490.600000000;30;9393955488;S
20240116;100418;1490.800000000;25;9393955509;B
20240116;100418;1490.600000000;10;9393955525;S
20240116;100418;1490.600000000;1;9393955526;S
20240116;100418;1490.600000000;1;9393955527;S
20240116;100418;1490.600000000;4;9393955581;S
20240116;100419;1490.800000000;1;9393955682;B
20240116;100419;1490.800000000;27;9393955851;B
20240116;100419;1490.800000000;91;9393955852;B
20240116;100419;1490.600000000;380;9393955879;S
20240116;100419;1490.600000000;5;9393955880;S
20240116;100419;1490.400000000;25;9393955881;S
20240116;100419;1490.400000000;50;9393955882;S
20240116;100419;1490.200000000;20;9393955883;S
20240116;100419;1490.200000000;5;9393955884;S
20240116;100419;1490.000000000;1;9393955885;S
20240116;100419;1490.000000000;1;9393955886;S
20240116;100419;1490.000000000;2;9393955887;S
20240116;100419;1490.000000000;2;9393955888;S
20240116;100419;1490.000000000;50;9393955889;S
20240116;100419;1490.000000000;1;9393955890;S
20240116;100419;1490.000000000;1;9393955891;S
20240116;100419;1490.000000000;20;9393955892;S
20240116;100419;1490.000000000;5;9393955893;S
20240116;100419;1490.000000000;10;9393955894;S
20240116;100419;1490.000000000;14;9393955895;S
20240116;100419;1490.000000000;10;9393955896;S
20240116;100419;1490.000000000;100;9393955897;S
20240116;100419;1490.000000000;13;9393955898;S
20240116;100419;1490.000000000;4;9393955899;S
20240116;100419;1490.000000000;5;9393955900;S
20240116;100419;1490.000000000;1;9393955901;S
20240116;100419;1490.000000000;100;9393955902;S
20240116;100419;1490.000000000;3;9393955903;S
20240116;100419;1490.000000000;1;9393955904;S
20240116;100419;1490.000000000;37;9393955905;S
20240116;100419;1490.000000000;1;9393955906;S
20240116;100419;1490.000000000;1;9393955907;S
20240116;100420;1490.000000000;1;9393956002;B
20240116;100420;1489.800000000;1;9393956078;S
20240116;100420;1489.800000000;9;9393956096;S
20240116;100420;1489.600000000;1;9393956097;S
20240116;100420;1489.400000000;2;9393956098;S
20240116;100420;1489.400000000;3;9393956099;S
20240116;100420;1489.200000000;85;9393956100;S
20240116;100421;1489.400000000;1;9393956210;B
20240116;100424;1489.400000000;40;9393956678;B
20240116;100425;1489.000000000;1;9393957019;S
20240116;100425;1489.000000000;1;9393957020;S
20240116;100425;1489.000000000;3;9393957021;S
20240116;100425;1489.000000000;1;9393957022;S
20240116;100425;1489.000000000;10;9393957023;S
20240116;100425;1489.000000000;1;9393957024;S
20240116;100425;1489.000000000;5;9393957025;S
20240116;100425;1489.000000000;7;9393957026;S
20240116;100425;1489.000000000;1;9393957027;S
20240116;100425;1489.000000000;1;9393957028;S
20240116;100425;1489.000000000;4;9393957029;S
20240116;100425;1489.200000000;10;9393957033;B
20240116;100426;1489.000000000;60;9393957081;S
20240116;100426;1489.000000000;2;9393957152;S
20240116;100429;1489.200000000;3;9393957655;B
20240116;100430;1489.000000000;4;9393957779;S
20240116;100430;1489.000000000;1;9393957780;S
20240116;100430;1489.000000000;2;9393957781;S
20240116;100434;1489.000000000;1;9393958414;S
20240116;100435;1489.000000000;9;9393958771;S
20240116;100435;1489.000000000;9;9393958772;S
20240116;100435;1488.800000000;1;9393958773;S
20240116;100435;1488.800000000;1;9393958774;S
20240116;100435;1488.800000000;3;9393958775;S
20240116;100435;1488.800000000;1;9393958776;S
20240116;100435;1488.800000000;1;9393958777;S
20240116;100435;1488.600000000;19;9393958778;S
20240116;100436;1488.600000000;17;9393958890;S
20240116;100436;1488.600000000;2;9393958891;S
20240116;100436;1488.600000000;3;9393958892;S
20240116;100436;1488.600000000;35;9393958893;S
20240116;100436;1488.400000000;1;9393958894;S
20240116;100436;1488.400000000;5;9393958895;S
20240116;100436;1488.400000000;3;9393958896;S
20240116;100436;1488.400000000;84;9393958897;S
20240116;100436;1488.400000000;29;9393958924;S
20240116;100437;1488.600000000;1;9393958962;S
20240116;100437;1488.400000000;219;9393958963;S
20240116;100441;1488.400000000;33;9393959751;S
20240116;100441;1488.800000000;1;9393959840;B
20240116;100441;1488.400000000;10;9393959847;S
20240116;100447;1488.800000000;50;9393960807;B
20240116;100452;1488.800000000;1;9393961550;B
20240116;100455;1488.800000000;1;9393962655;B
20240116;100457;1488.800000000;1;9393963096;B
20240116;100459;1488.800000000;1;9393963427;B
20240116;100502;1488.800000000;1;9393963930;B
20240116;100506;1488.600000000;2;9393964575;S
20240116;100506;1488.800000000;1;9393964584;B
20240116;100506;1488.800000000;15;9393964585;B
20240116;100507;1488.600000000;26;9393964989;S
20240116;100507;1488.600000000;5;9393964990;S
20240116;100508;1488.400000000;32;9393965122;S
20240116;100509;1488.600000000;1;9393965286;B
20240116;100511;1488.600000000;20;9393965727;B
20240116;100512;1488.600000000;1;9393965926;B
20240116;100512;1488.600000000;1;9393966024;B
20240116;100514;1488.600000000;2;9393966457;B
20240116;100517;1488.400000000;6;9393966970;S
20240116;100518;1488.600000000;1;9393967137;B
20240116;100518;1488.600000000;8;9393967176;B
20240116;100519;1488.600000000;535;9393967212;B
20240116;100519;1488.600000000;43;9393967213;B
20240116;100519;1488.600000000;92;9393967214;B
20240116;100521;1488.600000000;3;9393967619;B
20240116;100525;1488.600000000;1;9393968381;B
20240116;100525;1488.400000000;1;9393968442;S
20240116;100529;1488.600000000;1;9393968973;B
20240116;100529;1488.600000000;10;9393968987;B
20240116;100532;1488.400000000;5;9393969669;S
20240116;100533;1488.400000000;81;9393969741;S
20240116;100533;1488.400000000;7;9393969742;S
20240116;100533;1488.400000000;20;9393969743;S
20240116;100533;1488.400000000;1;9393969744;S
20240116;100533;1488.400000000;1;9393969745;S
20240116;100533;1488.400000000;1;9393969746;S
20240116;100533;1488.200000000;1;9393969747;S
20240116;100533;1488.200000000;1;9393969748;S
20240116;100533;1488.200000000;2;9393969749;S
20240116;100533;1488.200000000;2;9393969750;S
20240116;100533;1488.200000000;3;9393969751;S
20240116;100533;1488.200000000;1;9393969752;S
20240116;100533;1488.200000000;5;9393969753;S
20240116;100533;1488.200000000;41;9393969754;S
20240116;100533;1488.000000000;1;9393969755;S
20240116;100533;1488.000000000;1;9393969756;S
20240116;100533;1488.000000000;2;9393969757;S
20240116;100533;1488.000000000;20;9393969758;S
20240116;100533;1488.000000000;9;9393969759;S
20240116;100533;1488.000000000;11;9393969760;S
20240116;100533;1488.000000000;1;9393969761;S
20240116;100533;1488.000000000;5;9393969762;S
20240116;100533;1488.000000000;1;9393969763;S
20240116;100533;1488.000000000;7;9393969764;S
20240116;100533;1488.000000000;3;9393969796;S
20240116;100533;1488.000000000;2;9393969808;S
20240116;100533;1488.000000000;80;9393969843;S
20240116;100533;1488.000000000;2;9393969887;S
20240116;100534;1488.000000000;2;9393969892;S
20240116;100534;1488.200000000;1;9393969894;B
20240116;100534;1488.000000000;4;9393969895;S
20240116;100534;1488.000000000;1;9393969896;S
20240116;100534;1488.000000000;20;9393969897;S
20240116;100534;1488.000000000;2;9393969898;S
20240116;100534;1488.000000000;1;9393969899;S
20240116;100534;1488.000000000;1;9393969900;S
20240116;100534;1488.000000000;1;9393969901;S
20240116;100534;1488.000000000;2;9393969902;S
20240116;100534;1488.000000000;1;9393969903;S
20240116;100534;1487.800000000;1;9393969904;S
20240116;100534;1487.800000000;5;9393969905;S
20240116;100534;1487.800000000;2;9393969906;S
20240116;100534;1487.800000000;3;9393969907;S
20240116;100534;1488.000000000;1;9393969913;B
20240116;100534;1488.000000000;1;9393969916;B
20240116;100534;1488.000000000;1;9393969918;B
20240116;100534;1488.000000000;15;9393969919;B
20240116;100534;1488.000000000;10;9393969925;B
20240116;100534;1487.600000000;109;9393969944;S
20240116;100534;1487.400000000;29;9393969945;S
20240116;100534;1487.400000000;37;9393969982;S
20240116;100535;1487.400000000;3;9393970021;S
20240116;100535;1487.400000000;1;9393970055;S
20240116;100535;1487.800000000;1;9393970104;B
20240116;100536;1487.800000000;1;9393970298;B
20240116;100538;1487.600000000;2;9393970506;S
20240116;100538;1487.400000000;3;9393970507;S
20240116;100539;1487.800000000;1;9393970656;B
20240116;100543;1487.600000000;1;9393971352;B
20240116;100545;1487.600000000;1;9393971606;B
20240116;100545;1487.600000000;12;9393971607;B
20240116;100554;1488.200000000;3;9393973053;B
20240116;100555;1488.200000000;1;9393973178;B
20240116;100557;1488.000000000;1;9393973375;S
20240116;100557;1488.000000000;3;9393973472;B
20240116;100603;1487.800000000;1;9393974181;S
20240116;100603;1487.800000000;14;9393974182;S
20240116;100603;1487.800000000;86;9393974232;S
20240116;100603;1487.800000000;2;9393974263;B
20240116;100604;1487.600000000;5;9393974555;S
20240116;100605;1487.600000000;2;9393974639;S
20240116;100605;1487.800000000;8;9393974651;B
20240116;100605;1488.200000000;2;9393974652;B
20240116;100605;1487.600000000;23;9393974693;S
20240116;100605;1487.600000000;1;9393974694;S
20240116;100605;1487.600000000;1;9393974695;S
20240116;100605;1487.400000000;27;9393974696;S
20240116;100605;1487.400000000;5;9393974697;S
20240116;100605;1487.400000000;1;9393974698;S
20240116;100605;1487.400000000;16;9393974699;S
20240116;100605;1487.200000000;2;9393974700;S
20240116;100605;1487.200000000;24;9393974701;S
20240116;100606;1488.200000000;6;9393974748;B
20240116;100606;1487.200000000;9;9393974849;S
20240116;100613;1488.200000000;1;9393975947;B
20240116;100613;1488.200000000;1;9393975999;B
20240116;100614;1488.200000000;2;9393976078;B
20240116;100614;1488.000000000;2;9393976113;S
20240116;100614;1488.000000000;8;9393976114;S
20240116;100614;1487.600000000;28;9393976115;S
20240116;100614;1487.600000000;34;9393976116;S
20240116;100614;1487.600000000;27;9393976117;S
20240116;100614;1487.400000000;53;9393976118;S
20240116;100614;1487.400000000;48;9393976119;S
20240116;100614;1487.400000000;4;9393976120;S
20240116;100614;1487.200000000;5;9393976121;S
20240116;100614;1487.200000000;23;9393976122;S
20240116;100615;1488.000000000;1;9393976261;B
20240116;100616;1488.000000000;1;9393976329;B
20240116;100620;1488.000000000;1;9393976931;B
20240116;100622;1488.000000000;1;9393977057;B
20240116;100622;1487.200000000;30;9393977068;S
20240116;100622;1487.200000000;34;9393977069;S
20240116;100622;1487.000000000;1;9393977070;S
20240116;100622;1487.000000000;1;9393977071;S
20240116;100622;1487.000000000;1;9393977072;S
20240116;100622;1487.000000000;1;9393977073;S
20240116;100622;1487.000000000;1;9393977074;S
20240116;100622;1487.000000000;1;9393977075;S
20240116;100622;1487.000000000;10;9393977076;S
20240116;100622;1487.000000000;1;9393977077;S
20240116;100622;1487.000000000;50;9393977078;S
20240116;100622;1487.000000000;53;9393977079;S
20240116;100622;1487.000000000;20;9393977080;S
20240116;100622;1487.000000000;5;9393977081;S
20240116;100622;1487.000000000;15;9393977082;S
20240116;100623;1487.200000000;1;9393977176;S
20240116;100623;1487.000000000;1;9393977177;S
20240116;100623;1487.000000000;53;9393977178;S
20240116;100623;1487.000000000;25;9393977179;S
20240116;100623;1487.000000000;13;9393977180;S
20240116;100623;1487.000000000;1;9393977181;S
20240116;100623;1487.000000000;1;9393977182;S
20240116;100623;1487.000000000;5;9393977183;S
20240116;100623;1486.800000000;1;9393977184;S
20240116;100623;1486.800000000;1;9393977185;S
20240116;100623;1486.800000000;3;9393977186;S
20240116;100623;1486.800000000;53;9393977187;S
20240116;100623;1486.800000000;5;9393977188;S
20240116;100623;1486.800000000;32;9393977189;S
20240116;100623;1486.800000000;5;9393977190;S
20240116;100623;1488.000000000;1;9393977191;B
20240116;100623;1488.000000000;1;9393977248;B
20240116;100625;1487.000000000;1;9393977488;S
20240116;100625;1487.000000000;14;9393977489;S
20240116;100625;1488.000000000;2;9393977538;B
20240116;100627;1487.200000000;7;9393977694;S
20240116;100627;1487.200000000;33;9393977695;S
20240116;100627;1487.000000000;30;9393977696;S
20240116;100628;1487.000000000;15;9393977908;S
20240116;100628;1487.000000000;250;9393977951;S
20240116;100629;1487.000000000;41;9393978027;S
20240116;100629;1487.000000000;1;9393978028;S
20240116;100630;1487.000000000;1;9393978198;B
20240116;100632;1487.000000000;1;9393978454;B
20240116;100632;1487.000000000;2;9393978512;B
20240116;100636;1487.000000000;1;9393979112;B
20240116;100637;1487.000000000;1;9393979374;B
20240116;100642;1486.600000000;10;9393980053;S
20240116;100642;1486.600000000;2;9393980054;S
20240116;100642;1486.600000000;5;9393980055;S
20240116;100642;1486.600000000;9;9393980056;S
20240116;100642;1486.800000000;20;9393980182;B
20240116;100644;1486.600000000;4;9393980494;S
20240116;100644;1486.600000000;1;9393980495;S
20240116;100644;1486.400000000;20;9393980496;S
20240116;100644;1486.400000000;1;9393980497;S
20240116;100644;1486.400000000;3;9393980498;S
20240116;100650;1487.000000000;202;9393981075;B
20240116;100650;1487.000000000;7;9393981076;B
20240116;100652;1488.000000000;1;9393981524;B
20240116;100655;1487.800000000;1;9393982200;S
20240116;100655;1487.600000000;1;9393982201;S
20240116;100655;1487.400000000;1;9393982202;S
20240116;100655;1487.400000000;9;9393982203;S
20240116;100657;1487.800000000;10;9393982505;B
20240116;100658;1487.800000000;3;9393982549;B
20240116;100658;1487.800000000;120;9393982607;B
20240116;100700;1487.600000000;1;9393982997;S
20240116;100700;1487.400000000;16;9393982998;S
20240116;100700;1487.200000000;1;9393982999;S
20240116;100700;1487.200000000;20;9393983000;S
20240116;100700;1487.200000000;29;9393983001;S
20240116;100700;1487.200000000;70;9393983002;S
20240116;100700;1487.000000000;63;9393983003;S
20240116;100703;1487.800000000;2;9393983642;B
20240116;100705;1487.800000000;5;9393983879;B
20240116;100706;1487.800000000;46;9393984004;B
20240116;100706;1487.800000000;4;9393984005;B
20240116;100710;1487.600000000;1;9393984600;S
20240116;100710;1487.600000000;1;9393984601;S
20240116;100710;1487.600000000;1;9393984602;S
20240116;100710;1487.600000000;1;9393984603;S
20240116;100710;1487.400000000;1;9393984604;S
20240116;100710;1487.200000000;25;9393984605;S
20240116;100710;1487.200000000;1;9393984606;S
20240116;100710;1487.200000000;28;9393984607;S
20240116;100710;1487.200000000;1;9393984608;S
20240116;100710;1487.200000000;10;9393984609;S
20240116;100711;1487.200000000;58;9393984760;S
20240116;100711;1487.200000000;1;9393984761;S
20240116;100711;1487.200000000;25;9393984762;S
20240116;100711;1487.200000000;166;9393984763;B
20240116;100714;1487.400000000;1;9393985148;S
20240116;100714;1487.200000000;25;9393985149;S
20240116;100714;1487.200000000;3;9393985150;S
20240116;100714;1487.200000000;28;9393985151;S
20240116;100715;1487.200000000;324;9393985265;B
20240116;100718;1487.600000000;1;9393985716;B
20240116;100718;1488.000000000;4;9393985717;B
20240116;100718;1488.000000000;28;9393985718;B
20240116;100718;1488.200000000;88;9393985719;B
20240116;100718;1488.200000000;3;9393985720;B
20240116;100718;1488.200000000;134;9393985721;B
20240116;100718;1488.600000000;25;9393985722;B
20240116;100718;1488.800000000;2;9393985723;B
20240116;100718;1488.800000000;2;9393985724;B
20240116;100718;1488.800000000;49;9393985725;B
20240116;100721;1488.800000000;1;9393986100;S
20240116;100721;1488.600000000;1;9393986101;S
20240116;100721;1488.600000000;2;9393986102;S
20240116;100722;1488.800000000;7;9393986547;B
20240116;100724;1488.800000000;1;9393986718;B
20240116;100725;1488.400000000;1;9393986827;S
20240116;100725;1488.200000000;1;9393986828;S
20240116;100725;1488.200000000;2;9393986829;S
20240116;100725;1488.000000000;16;9393986830;S
20240116;100725;1488.800000000;3;9393986873;B
20240116;100729;1488.800000000;1;9393987344;B
20240116;100729;1488.800000000;2;9393987375;B
20240116;100731;1488.400000000;1;9393987777;S
20240116;100731;1488.200000000;68;9393987778;S
20240116;100731;1488.000000000;11;9393987779;S
20240116;100732;1488.800000000;50;9393987829;B
20240116;100734;1488.800000000;1;9393988165;B
20240116;100738;1488.800000000;20;9393988670;B
20240116;100741;1488.800000000;1;9393989108;B
20240116;100743;1488.600000000;1;9393989427;S
20240116;100751;1488.600000000;7;9393990489;B
20240116;100754;1488.600000000;1;9393991054;B
20240116;100755;1488.600000000;1;9393991178;B
20240116;100803;1488.600000000;1;9393992284;B
20240116;100803;1488.000000000;1;9393992328;S
20240116;100803;1488.000000000;1;9393992329;S
20240116;100803;1488.000000000;2;9393992330;S
20240116;100803;1487.800000000;5;9393992331;S
20240116;100803;1487.800000000;1;9393992332;S
20240116;100803;1487.600000000;10;9393992333;S
20240116;100806;1488.600000000;1;9393992637;B
20240116;100808;1488.600000000;3;9393992825;B
20240116;100809;1488.600000000;10;9393992931;B
20240116;100813;1488.600000000;1;9393993302;B
20240116;100819;1488.600000000;1;9393993981;B
20240116;100819;1488.000000000;1;9393994006;S
20240116;100819;1487.600000000;27;9393994007;S
20240116;100820;1488.400000000;10;9393994198;B
20240116;100823;1487.600000000;8;9393994608;S
20240116;100823;1487.400000000;10;9393994609;S
20240116;100823;1487.400000000;2;9393994610;S
20240116;100823;1487.400000000;1;9393994611;S
20240116;100823;1487.400000000;4;9393994612;S
20240116;100825;1488.400000000;10;9393994716;B
20240116;100826;1487.600000000;7;9393994957;S
20240116;100826;1488.000000000;1;9393994960;B
20240116;100831;1488.000000000;1;9393995754;B
20240116;100838;1488.000000000;2;9393996687;B
20240116;100838;1488.000000000;2;9393996705;S
20240116;100840;1487.600000000;2;9393996925;S
20240116;100840;1487.600000000;1;9393996926;S
20240116;100840;1487.600000000;20;9393996927;S
20240116;100840;1487.400000000;32;9393996928;S
20240116;100840;1487.400000000;25;9393996929;S
20240116;100840;1487.400000000;24;9393996930;S
20240116;100840;1487.200000000;176;9393996931;S
20240116;100840;1487.200000000;5;9393996932;S
20240116;100840;1487.200000000;1;9393996933;S
20240116;100840;1487.200000000;1;9393996934;S
20240116;100840;1487.200000000;1;9393996935;S
20240116;100840;1487.000000000;212;9393996936;S
20240116;100846;1487.600000000;7;9393997956;B
20240116;100854;1487.200000000;2;9393999079;S
20240116;100856;1487.200000000;23;9393999314;S
20240116;100856;1487.200000000;2;9393999315;S
20240116;100856;1487.000000000;516;9393999316;S
20240116;100856;1487.000000000;200;9393999317;S
20240116;100856;1487.000000000;40;9393999318;S
20240116;100856;1487.000000000;1;9393999319;S
20240116;100856;1487.000000000;1;9393999320;S
20240116;100856;1487.000000000;50;9393999321;S
20240116;100856;1487.000000000;100;9393999322;S
20240116;100856;1487.000000000;6;9393999323;S
20240116;100856;1487.000000000;1;9393999324;S
20240116;100856;1487.000000000;1;9393999325;S
20240116;100856;1487.000000000;2;9393999326;S
20240116;100856;1487.000000000;1;9393999327;S
20240116;100856;1487.000000000;5;9393999328;S
20240116;100856;1487.000000000;2;9393999329;S
20240116;100856;1487.000000000;1;9393999330;S
20240116;100856;1487.000000000;32;9393999331;S
20240116;100856;1487.000000000;16;9393999332;S
20240116;100904;1487.600000000;2;9394000550;B
20240116;100906;1487.800000000;2;9394000815;B
20240116;100917;1487.000000000;1;9394002104;S
20240116;100917;1487.000000000;1;9394002105;S
20240116;100918;1487.800000000;19;9394002224;B
20240116;100918;1487.800000000;107;9394002247;B
20240116;100919;1487.800000000;70;9394002384;S
20240116;100919;1488.000000000;1;9394002392;B
20240116;100919;1488.000000000;1;9394002410;B
20240116;100919;1488.400000000;70;9394002411;B
20240116;100919;1488.400000000;19;9394002412;B
20240116;100921;1487.800000000;3;9394002672;S
20240116;100926;1487.800000000;62;9394003272;S
20240116;100929;1488.400000000;1;9394003680;B
20240116;100931;1487.800000000;8;9394003874;S
20240116;100931;1487.800000000;1;9394003875;S
20240116;100931;1487.400000000;11;9394003876;S
20240116;100933;1487.400000000;14;9394004167;S
20240116;100933;1487.200000000;16;9394004168;S
20240116;100933;1487.400000000;1;9394004226;S
20240116;100941;1487.600000000;1;9394005215;S
20240116;100941;1487.200000000;7;9394005216;S
20240116;100942;1487.800000000;1;9394005354;B
20240116;100944;1487.400000000;1;9394005570;S
20240116;100944;1487.200000000;15;9394005571;S
20240116;100944;1487.000000000;63;9394005572;S
20240116;100948;1487.000000000;15;9394006033;S
20240116;100953;1487.000000000;32;9394006815;S
20240116;100956;1487.000000000;5;9394007233;S
20240116;100956;1487.000000000;4;9394007289;S
20240116;100957;1487.800000000;10;9394007325;B
20240116;101000;1487.800000000;2;9394007681;B
20240116;101001;1487.800000000;10;9394007803;B
20240116;101004;1487.800000000;1;9394008140;B
20240116;101015;1487.200000000;4;9394010057;B
20240116;101016;1487.200000000;1;9394010371;B
20240116;101016;1487.000000000;5;9394010382;S
20240116;101018;1487.200000000;2;9394010793;B
20240116;101019;1487.200000000;1;9394010904;B
20240116;101021;1487.200000000;10;9394011225;B
20240116;101021;1487.000000000;2;9394011243;S
20240116;101021;1487.000000000;1;9394011259;S
20240116;101025;1487.200000000;5;9394011939;B
20240116;101025;1487.000000000;1;9394012007;S
20240116;101026;1487.000000000;3;9394012060;S
20240116;101029;1487.000000000;1;9394012481;S
20240116;101037;1487.000000000;13;9394013876;S
20240116;101037;1487.200000000;4;9394013975;S
20240116;101037;1487.000000000;6;9394013976;S
20240116;101039;1487.000000000;31;9394014301;S
20240116;101041;1487.400000000;5;9394014612;B
20240116;101042;1487.400000000;30;9394014752;B
20240116;101049;1487.000000000;30;9394015650;S
20240116;101050;1487.400000000;2;9394015822;B
20240116;101052;1487.400000000;16;9394016043;B
20240116;101052;1487.400000000;21;9394016044;B
20240116;101053;1487.400000000;1;9394016171;S
20240116;101053;1487.400000000;3;9394016181;S
20240116;101058;1487.400000000;29;9394016870;S
20240116;101058;1487.400000000;5;9394016871;S
20240116;101104;1487.400000000;1;9394017825;B
20240116;101110;1487.400000000;1;9394018785;B
20240116;101111;1487.000000000;250;9394018895;S
20240116;101111;1487.000000000;37;9394018909;S
20240116;101111;1487.000000000;1;9394018910;S
20240116;101111;1487.000000000;1;9394018911;S
20240116;101111;1487.000000000;1;9394018912;S
20240116;101111;1487.000000000;20;9394018913;S
20240116;101111;1487.000000000;1;9394018914;S
20240116;101111;1487.000000000;1;9394018915;S
20240116;101111;1487.000000000;2;9394018916;S
20240116;101111;1487.000000000;1;9394018917;S
20240116;101111;1487.000000000;1;9394018918;S
20240116;101111;1486.800000000;4;9394018919;S
20240116;101113;1486.800000000;1;9394019253;S
20240116;101114;1487.200000000;2;9394019425;B
20240116;101115;1487.400000000;1;9394019491;B
20240116;101118;1487.000000000;8;9394019994;S
20240116;101118;1487.000000000;15;9394020038;S
20240116;101119;1487.400000000;30;9394020146;B
20240116;101125;1486.800000000;2;9394020928;S
20240116;101126;1487.200000000;1;9394021068;B
20240116;101126;1487.400000000;68;9394021069;B
20240116;101126;1487.400000000;20;9394021070;B
20240116;101126;1487.400000000;61;9394021071;B
20240116;101126;1487.400000000;1;9394021076;B
20240116;101126;1487.400000000;1;9394021113;B
20240116;101130;1487.200000000;53;9394021957;B
20240116;101130;1487.200000000;20;9394021958;B
20240116;101130;1487.200000000;27;9394021959;B
20240116;101131;1487.200000000;10;9394022299;B
20240116;101139;1487.200000000;1;9394024078;B
20240116;101141;1487.200000000;1;9394024359;B
20240116;101152;1487.000000000;1;9394025916;S
20240116;101153;1487.200000000;4;9394026095;B
20240116;101153;1487.200000000;1;9394026155;B
20240116;101155;1487.200000000;3;9394026397;B
20240116;101155;1487.200000000;1;9394026417;B
20240116;101159;1487.000000000;20;9394026928;S
20240116;101159;1487.000000000;9;9394026984;S
20240116;101159;1487.000000000;1;9394026985;S
20240116;101200;1487.000000000;1;9394027208;S
20240116;101201;1487.000000000;1;9394027337;S
20240116;101201;1486.800000000;10;9394027338;S
20240116;101202;1486.800000000;1;9394027391;S
20240116;101207;1487.200000000;1;9394028018;B
20240116;101215;1487.200000000;1;9394029172;B
20240116;101215;1487.400000000;1;9394029185;B
20240116;101218;1487.400000000;4;9394029579;B
20240116;101218;1487.400000000;4;9394029604;B
20240116;101218;1487.200000000;2;9394029664;S
20240116;101219;1487.400000000;3;9394029771;B
20240116;101219;1487.400000000;3;9394029794;B
20240116;101220;1487.200000000;1;9394029928;S
20240116;101221;1487.400000000;1;9394030390;B
20240116;101222;1487.400000000;1;9394030432;B
20240116;101222;1487.200000000;25;9394030575;S
20240116;101230;1487.200000000;30;9394032844;B
20240116;101231;1487.000000000;4;9394033166;B
20240116;101231;1487.000000000;2;9394033210;B
20240116;101231;1486.800000000;2;9394033294;S
20240116;101231;1486.800000000;10;9394033295;S
20240116;101231;1486.800000000;3;9394033296;S
20240116;101231;1486.800000000;2;9394033297;S
20240116;101231;1486.800000000;5;9394033298;S
20240116;101231;1486.800000000;1;9394033299;S
20240116;101231;1486.800000000;15;9394033300;S
20240116;101233;1486.800000000;23;9394033860;B
20240116;101234;1486.600000000;1;9394034262;S
20240116;101234;1486.600000000;1;9394034263;S
20240116;101234;1486.600000000;1;9394034264;S
20240116;101234;1486.600000000;19;9394034265;S
20240116;101234;1486.600000000;26;9394034497;S
20240116;101235;1486.600000000;4;9394035025;S
20240116;101235;1486.600000000;1;9394035026;S
20240116;101236;1486.400000000;2;9394035592;S
20240116;101236;1486.400000000;3;9394035593;S
20240116;101236;1486.400000000;62;9394035594;S
20240116;101236;1486.400000000;38;9394035879;S
20240116;101236;1486.400000000;3;9394035880;S
20240116;101236;1486.400000000;1;9394035881;S
20240116;101236;1486.400000000;1;9394035882;S
20240116;101236;1486.400000000;1;9394035883;S
20240116;101236;1486.400000000;26;9394035884;S
20240116;101236;1486.600000000;20;9394035977;B
20240116;101236;1486.600000000;1;9394036036;B
20240116;101238;1486.400000000;1;9394036698;S
20240116;101241;1486.400000000;23;9394037971;S
20240116;101241;1486.400000000;1;9394037972;S
20240116;101241;1486.200000000;1;9394037973;S
20240116;101241;1486.200000000;2;9394037974;S
20240116;101241;1486.200000000;5;9394037975;S
20240116;101241;1486.200000000;35;9394037976;S
20240116;101242;1486.200000000;1;9394038145;S
20240116;101242;1486.400000000;2;9394038151;B
20240116;101242;1486.200000000;1;9394038332;S
20240116;101243;1486.400000000;5;9394038487;B
20240116;101243;1486.200000000;43;9394038523;S
20240116;101243;1486.200000000;56;9394038524;S
20240116;101245;1486.400000000;4;9394038777;B
20240116;101247;1486.200000000;7;9394039405;S
20240116;101251;1486.400000000;1;9394040135;B
20240116;101253;1486.200000000;1;9394040802;S
20240116;101254;1486.400000000;1;9394040881;B
20240116;101255;1486.400000000;1;9394041280;B
20240116;101256;1486.200000000;86;9394041510;S
20240116;101256;1486.200000000;5;9394041511;S
20240116;101256;1486.200000000;1;9394041512;S
20240116;101256;1486.200000000;8;9394041513;S
20240116;101257;1486.200000000;20;9394041684;S
20240116;101257;1486.200000000;1;9394041880;S
20240116;101259;1486.400000000;1;9394042618;B
20240116;101300;1486.200000000;23;9394043002;S
20240116;101300;1486.200000000;8;9394043031;S
20240116;101300;1486.200000000;2;9394043032;S
20240116;101300;1486.200000000;3;9394043033;S
20240116;101300;1486.200000000;10;9394043034;S
20240116;101300;1486.200000000;226;9394043073;S
20240116;101300;1486.200000000;26;9394043108;S
20240116;101301;1486.200000000;2;9394043486;B
20240116;101304;1486.000000000;1;9394044422;S
20240116;101304;1486.000000000;1;9394044423;S
20240116;101304;1486.000000000;1;9394044424;S
20240116;101304;1486.000000000;18;9394044425;S
20240116;101304;1486.000000000;24;9394044426;S
20240116;101304;1486.200000000;1;9394044475;B
20240116;101304;1486.000000000;4;9394044524;S
20240116;101310;1486.000000000;1;9394046759;S
20240116;101310;1486.200000000;1;9394046809;B
20240116;101311;1486.200000000;1;9394047004;B
20240116;101311;1486.000000000;25;9394047014;S
20240116;101311;1486.000000000;1;9394047166;S
20240116;101315;1486.000000000;24;9394048039;S
20240116;101315;1486.000000000;200;9394048301;S
20240116;101316;1486.000000000;8;9394048431;S
20240116;101316;1486.200000000;1;9394048563;B
20240116;101318;1486.200000000;8;9394048859;B
20240116;101319;1486.200000000;2;9394049140;B
20240116;101320;1486.000000000;80;9394049319;S
20240116;101320;1486.000000000;7;9394049373;S
20240116;101323;1486.000000000;40;9394050243;S
20240116;101323;1486.000000000;100;9394050249;S
20240116;101324;1486.000000000;1;9394050354;S
20240116;101328;1486.000000000;468;9394051436;S
20240116;101328;1486.000000000;7;9394051437;S
20240116;101328;1486.000000000;25;9394051438;S
20240116;101328;1486.000000000;17;9394051547;S
20240116;101329;1486.200000000;2;9394051800;B
20240116;101331;1486.000000000;2;9394052416;S
20240116;101332;1486.000000000;16;9394052755;S
20240116;101332;1486.000000000;2;9394052756;S
20240116;101332;1486.000000000;1;9394052757;S
20240116;101332;1486.000000000;1;9394052758;S
20240116;101332;1486.000000000;3;9394052759;S
20240116;101332;1486.000000000;2;9394052760;S
20240116;101332;1486.000000000;5;9394052761;S
20240116;101332;1486.000000000;1;9394052762;S
20240116;101332;1486.000000000;5;9394052763;S
20240116;101332;1486.000000000;20;9394052764;S
20240116;101332;1486.000000000;20;9394052765;S
20240116;101332;1486.000000000;1;9394052766;S
20240116;101332;1486.000000000;1;9394052767;S
20240116;101332;1486.000000000;1;9394052768;S
20240116;101332;1486.000000000;2;9394052769;S
20240116;101332;1486.000000000;1;9394052770;S
20240116;101332;1486.000000000;1;9394052771;S
20240116;101332;1486.000000000;1;9394052772;S
20240116;101332;1486.000000000;4;9394052773;S
20240116;101332;1486.000000000;3;9394052774;S
20240116;101332;1486.000000000;1;9394052775;S
20240116;101332;1486.000000000;1;9394052776;S
20240116;101332;1486.000000000;100;9394052777;S
20240116;101332;1486.000000000;13;9394052778;S
20240116;101332;1486.000000000;1;9394052779;S
20240116;101332;1486.000000000;1;9394052780;S
20240116;101332;1486.000000000;2;9394052781;S
20240116;101332;1486.000000000;2;9394052782;S
20240116;101332;1486.000000000;5;9394052783;S
20240116;101332;1486.000000000;1;9394052784;S
20240116;101332;1486.000000000;1;9394052785;S
20240116;101336;1485.800000000;1;9394053769;S
20240116;101336;1485.800000000;1;9394053770;S
20240116;101336;1485.800000000;3;9394053771;S
20240116;101336;1485.800000000;5;9394053772;S
20240116;101336;1485.800000000;1;9394053773;S
20240116;101336;1485.800000000;20;9394053774;S
20240116;101337;1485.800000000;5;9394053939;B
20240116;101338;1485.800000000;20;9394054110;B
20240116;101340;1485.600000000;7;9394054433;S
20240116;101340;1485.600000000;3;9394054434;S
20240116;101340;1485.600000000;10;9394054435;S
20240116;101340;1485.600000000;5;9394054436;S
20240116;101340;1485.600000000;3;9394054437;S
20240116;101340;1485.400000000;1;9394054438;S
20240116;101340;1485.400000000;33;9394054439;S
20240116;101340;1485.400000000;1;9394054440;S
20240116;101340;1485.400000000;5;9394054441;S
20240116;101340;1485.200000000;10;9394054442;S
20240116;101340;1485.200000000;2;9394054443;S
20240116;101340;1485.200000000;1;9394054444;S
20240116;101340;1485.200000000;50;9394054445;S
20240116;101340;1485.200000000;50;9394054446;S
20240116;101340;1485.200000000;2;9394054447;S
20240116;101340;1485.200000000;5;9394054448;S
20240116;101340;1485.200000000;3;9394054449;S
20240116;101340;1485.200000000;5;9394054450;S
20240116;101340;1485.200000000;5;9394054451;S
20240116;101340;1485.200000000;30;9394054452;S
20240116;101340;1485.200000000;1;9394054453;S
20240116;101340;1485.200000000;2;9394054454;S
20240116;101340;1485.200000000;1;9394054455;S
20240116;101340;1485.200000000;25;9394054456;S
20240116;101340;1485.200000000;20;9394054457;S
20240116;101340;1485.000000000;1;9394054458;S
20240116;101340;1485.000000000;5;9394054459;S
20240116;101340;1485.000000000;1;9394054460;S
20240116;101340;1485.000000000;1;9394054461;S
20240116;101340;1485.000000000;1;9394054462;S
20240116;101340;1485.000000000;1;9394054463;S
20240116;101340;1485.000000000;1;9394054464;S
20240116;101340;1485.000000000;159;9394054465;S
20240116;101340;1485.000000000;34;9394054466;S
20240116;101340;1485.200000000;50;9394054488;B
20240116;101340;1485.200000000;2;9394054497;B
20240116;101340;1485.200000000;1;9394054501;B
20240116;101340;1485.000000000;34;9394054506;S
20240116;101340;1485.000000000;18;9394054509;S
20240116;101340;1485.200000000;1;9394054511;B
20240116;101340;1485.200000000;1;9394054524;B
20240116;101340;1485.000000000;55;9394054525;S
20240116;101340;1485.000000000;2;9394054526;S
20240116;101340;1485.000000000;1;9394054527;S
20240116;101340;1485.000000000;50;9394054528;S
20240116;101340;1485.000000000;5;9394054529;S
20240116;101340;1485.000000000;1;9394054530;S
20240116;101340;1485.000000000;10;9394054531;S
20240116;101340;1485.000000000;4;9394054532;S
20240116;101340;1485.000000000;10;9394054533;S
20240116;101340;1485.000000000;35;9394054534;S
20240116;101340;1485.000000000;7;9394054535;S
20240116;101340;1485.000000000;1;9394054536;S
20240116;101340;1485.000000000;1;9394054537;S
20240116;101340;1485.000000000;1;9394054538;S
20240116;101340;1485.000000000;1;9394054539;S
20240116;101340;1485.000000000;5;9394054540;S
20240116;101340;1485.000000000;50;9394054541;S
20240116;101340;1485.000000000;1;9394054542;S
20240116;101340;1485.000000000;1;9394054543;S
20240116;101340;1485.000000000;1;9394054544;S
20240116;101340;1485.000000000;1;9394054545;S
20240116;101340;1485.000000000;341;9394054546;S
20240116;101340;1485.000000000;1;9394054547;S
20240116;101340;1485.000000000;1;9394054548;S
20240116;101340;1485.000000000;2;9394054549;S
20240116;101340;1485.000000000;1;9394054550;S
20240116;101340;1485.000000000;4;9394054551;S
20240116;101340;1485.000000000;1;9394054552;S
20240116;101340;1485.000000000;1;9394054553;S
20240116;101340;1485.000000000;1;9394054554;S
20240116;101340;1485.000000000;1;9394054555;S
20240116;101340;1485.000000000;1;9394054556;S
20240116;101340;1485.000000000;10;9394054557;S
20240116;101340;1485.000000000;1;9394054558;S
20240116;101340;1485.000000000;1;9394054559;S
20240116;101340;1485.000000000;3;9394054560;S
20240116;101340;1485.000000000;3;9394054561;S
20240116;101340;1485.000000000;4;9394054562;S
20240116;101340;1485.000000000;1;9394054563;S
20240116;101340;1484.800000000;1;9394054564;S
20240116;101340;1484.800000000;1;9394054565;S
20240116;101340;1484.800000000;5;9394054566;S
20240116;101340;1484.600000000;50;9394054567;S
20240116;101340;1484.600000000;5;9394054568;S
20240116;101340;1484.600000000;1;9394054569;S
20240116;101340;1484.600000000;20;9394054570;S
20240116;101340;1484.600000000;25;9394054571;S
20240116;101340;1484.400000000;1;9394054572;S
20240116;101340;1484.400000000;5;9394054573;S
20240116;101340;1484.400000000;3;9394054574;S
20240116;101340;1484.400000000;5;9394054575;S
20240116;101340;1484.400000000;5;9394054576;S
20240116;101340;1484.200000000;5;9394054577;S
20240116;101340;1484.200000000;5;9394054578;S
20240116;101340;1484.200000000;20;9394054579;S
20240116;101340;1484.200000000;2;9394054580;S
20240116;101340;1484.200000000;1;9394054581;S
20240116;101340;1484.200000000;1;9394054582;S
20240116;101340;1484.000000000;1;9394054583;S
20240116;101340;1484.000000000;1;9394054584;S
20240116;101340;1484.000000000;1;9394054585;S
20240116;101340;1484.000000000;1;9394054586;S
20240116;101340;1484.000000000;2;9394054587;S
20240116;101340;1484.000000000;1;9394054588;S
20240116;101340;1484.000000000;1;9394054589;S
20240116;101340;1484.000000000;5;9394054590;S
20240116;101340;1484.000000000;5;9394054591;S
20240116;101340;1484.000000000;12;9394054592;S
20240116;101340;1484.000000000;1;9394054593;S
20240116;101340;1484.000000000;50;9394054594;S
20240116;101340;1484.000000000;1;9394054595;S
20240116;101340;1484.000000000;1;9394054596;S
20240116;101340;1484.000000000;1;9394054597;S
20240116;101340;1484.000000000;350;9394054598;S
20240116;101340;1483.800000000;1;9394054599;S
20240116;101340;1483.800000000;500;9394054600;S
20240116;101340;1483.800000000;1;9394054601;S
20240116;101340;1483.800000000;700;9394054602;S
20240116;101340;1483.800000000;70;9394054603;S
20240116;101340;1483.600000000;5;9394054604;S
20240116;101340;1483.600000000;53;9394054605;S
20240116;101340;1483.400000000;1;9394054606;S
20240116;101340;1483.400000000;1;9394054607;S
20240116;101340;1483.400000000;3;9394054608;S
20240116;101340;1483.400000000;1;9394054609;S
20240116;101340;1483.400000000;20;9394054610;S
20240116;101340;1483.400000000;1;9394054611;S
20240116;101340;1483.400000000;3;9394054612;S
20240116;101340;1483.400000000;53;9394054613;S
20240116;101340;1483.400000000;700;9394054614;S
20240116;101340;1483.200000000;10;9394054615;S
20240116;101340;1483.200000000;134;9394054616;S
20240116;101340;1483.200000000;700;9394054617;S
20240116;101340;1483.200000000;53;9394054618;S
20240116;101340;1483.000000000;1;9394054619;S
20240116;101340;1483.000000000;1;9394054620;S
20240116;101340;1483.000000000;1;9394054621;S
20240116;101340;1483.000000000;10;9394054622;S
20240116;101340;1483.000000000;5;9394054623;S
20240116;101340;1483.000000000;100;9394054624;S
20240116;101340;1483.000000000;2;9394054625;S
20240116;101340;1483.000000000;20;9394054626;S
20240116;101340;1483.000000000;1;9394054627;S
20240116;101340;1483.000000000;1;9394054628;S
20240116;101340;1483.000000000;70;9394054629;S
20240116;101340;1483.000000000;1;9394054630;S
20240116;101340;1483.000000000;1;9394054631;S
20240116;101340;1483.000000000;50;9394054632;S
20240116;101340;1483.000000000;202;9394054633;S
20240116;101340;1483.000000000;12;9394054634;S
20240116;101340;1483.000000000;30;9394054635;S
20240116;101340;1483.000000000;15;9394054636;S
20240116;101340;1483.000000000;1;9394054637;S
20240116;101340;1483.000000000;1;9394054638;S
20240116;101340;1483.000000000;2;9394054639;S
20240116;101340;1483.000000000;1;9394054640;S
20240116;101340;1483.000000000;1;9394054641;S
20240116;101340;1482.800000000;2;9394054642;S
20240116;101340;1482.800000000;1;9394054643;S
20240116;101340;1482.800000000;1;9394054644;S
20240116;101340;1482.800000000;1;9394054645;S
20240116;101340;1482.800000000;1;9394054646;S
20240116;101340;1482.600000000;4;9394054647;S
20240116;101340;1482.600000000;1;9394054648;S
20240116;101340;1482.600000000;700;9394054649;S
20240116;101340;1482.600000000;3;9394054650;S
20240116;101340;1482.200000000;5;9394054651;S
20240116;101340;1482.200000000;20;9394054652;S
20240116;101340;1482.200000000;16;9394054653;S
20240116;101340;1482.200000000;3;9394054654;S
20240116;101340;1482.200000000;1;9394054655;S
20240116;101340;1482.200000000;1;9394054656;S
20240116;101340;1482.200000000;250;9394054657;S
20240116;101340;1482.200000000;1;9394054658;S
20240116;101340;1482.200000000;1;9394054659;S
20240116;101340;1482.000000000;1;9394054660;S
20240116;101340;1482.000000000;4;9394054661;S
20240116;101340;1482.000000000;5;9394054662;S
20240116;101340;1482.000000000;1;9394054663;S
20240116;101340;1482.000000000;50;9394054664;S
20240116;101340;1482.000000000;1;9394054665;S
20240116;101340;1482.000000000;2;9394054666;S
20240116;101340;1482.000000000;1;9394054667;S
20240116;101340;1482.000000000;1;9394054668;S
20240116;101340;1482.000000000;1;9394054669;S
20240116;101340;1482.000000000;5;9394054670;S
20240116;101340;1482.000000000;428;9394054671;S
20240116;101340;1482.000000000;5;9394054672;S
20240116;101340;1482.000000000;10;9394054673;S
20240116;101340;1482.000000000;1;9394054674;S
20240116;101340;1482.000000000;10;9394054675;S
20240116;101340;1482.000000000;1;9394054676;S
20240116;101340;1482.000000000;1;9394054677;S
20240116;101340;1482.000000000;1;9394054678;S
20240116;101340;1481.800000000;1;9394054679;S
20240116;101340;1481.800000000;1;9394054680;S
20240116;101340;1481.600000000;50;9394054681;S
20240116;101340;1481.600000000;63;9394054682;S
20240116;101340;1481.600000000;1400;9394054683;S
20240116;101340;1481.400000000;20;9394054684;S
20240116;101340;1481.200000000;1;9394054685;S
20240116;101340;1481.200000000;1;9394054686;S
20240116;101340;1481.200000000;3;9394054687;S
20240116;101340;1481.200000000;30;9394054688;S
20240116;101340;1481.200000000;1;9394054689;S
20240116;101340;1481.200000000;3;9394054690;S
20240116;101340;1481.000000000;1;9394054691;S
20240116;101340;1481.000000000;1;9394054692;S
20240116;101340;1481.000000000;1;9394054693;S
20240116;101340;1481.000000000;10;9394054694;S
20240116;101340;1481.000000000;1;9394054695;S
20240116;101340;1481.000000000;1;9394054696;S
20240116;101340;1481.000000000;10;9394054697;S
20240116;101340;1481.000000000;605;9394054698;S
20240116;101340;1484.200000000;1;9394054699;B
20240116;101340;1482.800000000;50;9394054701;S
20240116;101340;1481.000000000;395;9394054702;S
20240116;101340;1481.000000000;1;9394054703;S
20240116;101340;1481.000000000;25;9394054704;S
20240116;101340;1481.000000000;1;9394054705;S
20240116;101340;1481.000000000;1;9394054706;S
20240116;101340;1481.000000000;2;9394054707;S
20240116;101340;1481.000000000;1;9394054708;S
20240116;101340;1481.000000000;1;9394054709;S
20240116;101340;1481.000000000;100;9394054710;S
20240116;101340;1481.000000000;1;9394054711;S
20240116;101340;1481.000000000;756;9394054712;S
20240116;101340;1481.000000000;190;9394054713;S
20240116;101340;1481.000000000;54;9394054714;S
20240116;101340;1481.000000000;1;9394054715;S
20240116;101340;1481.000000000;100;9394054716;S
20240116;101340;1481.000000000;100;9394054717;S
20240116;101340;1480.800000000;1;9394054718;S
20240116;101340;1480.800000000;1;9394054719;S
20240116;101340;1480.800000000;2;9394054720;S
20240116;101340;1480.800000000;2;9394054721;S
20240116;101340;1480.800000000;3;9394054722;S
20240116;101340;1480.800000000;2;9394054723;S
20240116;101340;1480.800000000;2;9394054724;S
20240116;101340;1480.800000000;2;9394054725;S
20240116;101340;1480.800000000;10;9394054726;S
20240116;101340;1480.800000000;7;9394054727;S
20240116;101340;1480.800000000;2;9394054728;S
20240116;101340;1480.800000000;1;9394054729;S
20240116;101340;1480.600000000;15;9394054730;S
20240116;101340;1480.600000000;26;9394054731;S
20240116;101340;1480.600000000;2;9394054732;S
20240116;101340;1480.600000000;100;9394054733;S
20240116;101340;1482.800000000;50;9394054734;S
20240116;101340;1482.800000000;20;9394054735;S
20240116;101340;1482.400000000;10;9394054736;S
20240116;101340;1482.400000000;2;9394054737;S
20240116;101340;1482.400000000;20;9394054738;S
20240116;101340;1481.400000000;100;9394054739;S
20240116;101340;1481.400000000;100;9394054740;S
20240116;101341;1481.400000000;200;9394054743;S
20240116;101341;1481.400000000;100;9394054744;S
20240116;101341;1481.400000000;200;9394054745;S
20240116;101341;1481.200000000;20;9394054764;S
20240116;101341;1481.200000000;60;9394054765;S
20240116;101341;1481.200000000;25;9394054766;S
20240116;101341;1481.200000000;50;9394054767;S
20240116;101341;1481.200000000;13;9394054768;S
20240116;101341;1481.200000000;37;9394054769;S
20240116;101341;1481.000000000;18;9394054770;S
20240116;101341;1480.800000000;25;9394054772;S
20240116;101341;1480.600000000;14;9394054773;S
20240116;101341;1480.800000000;10;9394054774;B
20240116;101341;1480.800000000;1;9394054814;B
20240116;101341;1480.800000000;1;9394054819;B
20240116;101341;1480.800000000;3;9394054820;B
20240116;101341;1480.600000000;50;9394054821;S
20240116;101341;1480.600000000;35;9394054822;S
20240116;101341;1480.600000000;6;9394054823;S
20240116;101341;1480.600000000;75;9394054824;S
20240116;101341;1480.600000000;20;9394054825;S
20240116;101341;1480.600000000;24;9394054826;S
20240116;101341;1480.600000000;148;9394054827;S
20240116;101341;1480.600000000;25;9394054828;S
20240116;101341;1480.400000000;1;9394054829;S
20240116;101341;1480.400000000;1;9394054830;S
20240116;101341;1480.400000000;2;9394054831;S
20240116;101341;1480.400000000;100;9394054832;S
20240116;101341;1480.400000000;20;9394054833;S
20240116;101341;1480.200000000;5;9394054834;S
20240116;101341;1480.200000000;1;9394054835;S
20240116;101341;1480.200000000;1;9394054836;S
20240116;101341;1480.200000000;1;9394054837;S
20240116;101341;1480.200000000;1;9394054838;S
20240116;101341;1480.200000000;1;9394054839;S
20240116;101341;1480.200000000;300;9394054840;S
20240116;101341;1480.200000000;3;9394054841;S
20240116;101341;1480.200000000;4;9394054842;S
20240116;101341;1480.200000000;50;9394054843;S
20240116;101341;1480.200000000;50;9394054844;S
20240116;101341;1480.200000000;5;9394054845;S
20240116;101341;1480.200000000;5;9394054846;S
20240116;101341;1480.200000000;22;9394054847;S
20240116;101341;1480.200000000;1;9394054848;S
20240116;101341;1480.200000000;50;9394054849;S
20240116;101341;1480.200000000;50;9394054850;S
20240116;101341;1480.200000000;10;9394054851;S
20240116;101341;1480.200000000;5;9394054852;S
20240116;101341;1480.200000000;20;9394054853;S
20240116;101341;1480.000000000;100;9394054854;S
20240116;101341;1480.000000000;1;9394054855;S
20240116;101341;1480.000000000;100;9394054856;S
20240116;101341;1480.000000000;60;9394054857;S
20240116;101341;1480.000000000;30;9394054858;S
20240116;101341;1480.000000000;1;9394054859;S
20240116;101341;1480.000000000;2;9394054860;S
20240116;101341;1480.000000000;1;9394054861;S
20240116;101341;1480.000000000;1;9394054862;S
20240116;101341;1480.000000000;10;9394054863;S
20240116;101341;1480.000000000;1;9394054864;S
20240116;101341;1480.000000000;1;9394054865;S
20240116;101341;1480.000000000;10;9394054866;S
20240116;101341;1480.000000000;1;9394054867;S
20240116;101341;1480.000000000;1;9394054868;S
20240116;101341;1480.000000000;1;9394054869;S
20240116;101341;1480.000000000;10;9394054870;S
20240116;101341;1480.000000000;1;9394054871;S
20240116;101341;1480.000000000;1;9394054872;S
20240116;101341;1480.000000000;20;9394054873;S
20240116;101341;1480.000000000;1;9394054874;S
20240116;101341;1480.000000000;2;9394054875;S
20240116;101341;1480.000000000;20;9394054876;S
20240116;101341;1480.000000000;120;9394054877;S
20240116;101341;1480.000000000;4000;9394054878;S
20240116;101341;1480.000000000;1;9394054879;S
20240116;101341;1480.000000000;1;9394054880;S
20240116;101341;1480.000000000;1;9394054881;S
20240116;101341;1480.000000000;1;9394054882;S
20240116;101341;1480.000000000;1;9394054883;S
20240116;101341;1480.000000000;1;9394054884;S
20240116;101341;1480.000000000;1;9394054885;S
20240116;101341;1480.000000000;10;9394054886;S
20240116;101341;1480.000000000;5;9394054887;S
20240116;101341;1480.000000000;1;9394054888;S
20240116;101341;1480.000000000;3;9394054889;S
20240116;101341;1480.000000000;30;9394054890;S
20240116;101341;1480.000000000;2;9394054891;S
20240116;101341;1480.000000000;500;9394054892;S
20240116;101341;1480.000000000;1;9394054893;S
20240116;101341;1480.000000000;1;9394054894;S
20240116;101341;1480.000000000;1;9394054895;S
20240116;101341;1480.000000000;1;9394054896;S
20240116;101341;1480.000000000;5;9394054897;S
20240116;101341;1480.000000000;1;9394054898;S
20240116;101341;1480.000000000;1;9394054899;S
20240116;101341;1480.000000000;1;9394054900;S
20240116;101341;1480.000000000;1;9394054901;S
20240116;101341;1480.000000000;5;9394054902;S
20240116;101341;1480.000000000;1;9394054903;S
20240116;101341;1480.000000000;1;9394054904;S
20240116;101341;1480.000000000;10;9394054905;S
20240116;101341;1480.000000000;10;9394054906;S
20240116;101341;1480.000000000;3;9394054907;S
20240116;101341;1480.000000000;1;9394054908;S
20240116;101341;1480.000000000;2;9394054909;S
20240116;101341;1480.000000000;100;9394054910;S
20240116;101341;1480.000000000;1;9394054911;S
20240116;101341;1480.000000000;1;9394054912;S
20240116;101341;1480.000000000;20;9394054913;S
20240116;101341;1480.000000000;1;9394054914;S
20240116;101341;1480.000000000;2;9394054915;S
20240116;101341;1480.000000000;10;9394054916;S
20240116;101341;1480.000000000;2;9394054917;S
20240116;101341;1480.000000000;1;9394054918;S
20240116;101341;1480.000000000;1;9394054919;S
20240116;101341;1480.000000000;1;9394054920;S
20240116;101341;1480.000000000;20;9394054921;S
20240116;101341;1480.000000000;300;9394054922;S
20240116;101341;1480.000000000;10;9394054923;S
20240116;101341;1480.000000000;101;9394054924;S
20240116;101341;1480.000000000;40;9394054925;S
20240116;101341;1480.000000000;1;9394054926;S
20240116;101341;1480.000000000;10;9394054927;S
20240116;101341;1480.000000000;1;9394054928;S
20240116;101341;1480.000000000;10;9394054929;S
20240116;101341;1480.000000000;1;9394054930;S
20240116;101341;1480.000000000;10;9394054931;S
20240116;101341;1480.000000000;10;9394054932;S
20240116;101341;1480.000000000;1;9394054933;S
20240116;101341;1480.000000000;10;9394054934;S
20240116;101341;1480.000000000;1;9394054935;S
20240116;101341;1480.000000000;1;9394054936;S
20240116;101341;1480.000000000;1;9394054937;S
20240116;101341;1480.000000000;2;9394054938;S
20240116;101341;1480.000000000;1;9394054939;S
20240116;101341;1480.000000000;1;9394054940;S
20240116;101341;1480.000000000;2;9394054941;S
20240116;101341;1480.000000000;5;9394054942;S
20240116;101341;1480.000000000;1;9394054943;S
20240116;101341;1480.000000000;1;9394054944;S
20240116;101341;1480.000000000;20;9394054945;S
20240116;101341;1480.000000000;2;9394054946;S
20240116;101341;1480.000000000;1;9394054947;S
20240116;101341;1480.000000000;1;9394054948;S
20240116;101341;1480.000000000;2;9394054949;S
20240116;101341;1480.000000000;8;9394054950;S
20240116;101341;1480.000000000;7;9394054951;S
20240116;101341;1480.000000000;20;9394054952;S
20240116;101341;1480.000000000;3;9394054953;S
20240116;101341;1480.000000000;2;9394054954;S
20240116;101341;1480.000000000;5;9394054955;S
20240116;101341;1480.000000000;1;9394054956;S
20240116;101341;1480.000000000;5;9394054957;S
20240116;101341;1480.000000000;53;9394054958;S
20240116;101341;1479.800000000;5;9394054959;S
20240116;101341;1479.800000000;20;9394054960;S
20240116;101341;1479.800000000;10;9394054961;S
20240116;101341;1479.800000000;53;9394054962;S
20240116;101341;1479.600000000;1;9394054963;S
20240116;101341;1479.600000000;5;9394054964;S
20240116;101341;1479.600000000;35;9394054965;S
20240116;101341;1479.600000000;20;9394054966;S
20240116;101341;1479.600000000;53;9394054967;S
20240116;101341;1479.600000000;135;9394054968;S
20240116;101341;1479.400000000;20;9394054969;S
20240116;101341;1479.200000000;1;9394054970;S
20240116;101341;1479.200000000;1;9394054971;S
20240116;101341;1479.200000000;20;9394054972;S
20240116;101341;1479.000000000;1;9394054973;S
20240116;101341;1479.000000000;50;9394054974;S
20240116;101341;1479.000000000;1;9394054975;S
20240116;101341;1479.000000000;60;9394054976;S
20240116;101341;1479.000000000;1;9394054977;S
20240116;101341;1479.000000000;1;9394054978;S
20240116;101341;1479.000000000;1;9394054979;S
20240116;101341;1479.000000000;20;9394054980;S
20240116;101341;1479.000000000;338;9394054981;S
20240116;101341;1478.800000000;5;9394054982;S
20240116;101341;1478.800000000;20;9394054983;S
20240116;101341;1478.600000000;4;9394054984;S
20240116;101341;1478.600000000;1;9394054985;S
20240116;101341;1478.600000000;20;9394054986;S
20240116;101341;1478.600000000;70;9394054987;S
20240116;101341;1478.400000000;1;9394054988;S
20240116;101341;1478.400000000;4;9394054989;S
20240116;101341;1478.400000000;1;9394054990;S
20240116;101341;1478.400000000;20;9394054991;S
20240116;101341;1478.400000000;700;9394054992;S
20240116;101341;1478.200000000;2;9394054993;S
20240116;101341;1478.200000000;4;9394054994;S
20240116;101341;1478.200000000;1;9394054995;S
20240116;101341;1478.200000000;50;9394054996;S
20240116;101341;1478.200000000;1;9394054997;S
20240116;101341;1478.200000000;20;9394054998;S
20240116;101341;1478.000000000;1;9394054999;S
20240116;101341;1478.000000000;1;9394055000;S
20240116;101341;1478.000000000;10;9394055001;S
20240116;101341;1478.000000000;1;9394055002;S
20240116;101341;1478.000000000;5;9394055003;S
20240116;101341;1478.000000000;10;9394055004;S
20240116;101341;1478.000000000;1;9394055005;S
20240116;101341;1478.000000000;1;9394055006;S
20240116;101341;1478.000000000;1;9394055007;S
20240116;101341;1478.000000000;1;9394055008;S
20240116;101341;1478.000000000;2;9394055009;S
20240116;101341;1478.000000000;10;9394055010;S
20240116;101341;1478.000000000;1;9394055011;S
20240116;101341;1478.000000000;5;9394055012;S
20240116;101341;1478.000000000;20;9394055013;S
20240116;101341;1478.000000000;338;9394055014;S
20240116;101341;1478.000000000;700;9394055015;S
20240116;101341;1477.800000000;50;9394055016;S
20240116;101341;1477.800000000;1;9394055017;S
20240116;101341;1477.600000000;1;9394055018;S
20240116;101341;1477.400000000;3;9394055019;S
20240116;101341;1477.400000000;2;9394055020;S
20240116;101341;1477.400000000;5;9394055021;S
20240116;101341;1477.200000000;1;9394055022;S
20240116;101341;1477.200000000;1;9394055023;S
20240116;101341;1477.200000000;1;9394055024;S
20240116;101341;1477.200000000;1;9394055025;S
20240116;101341;1477.000000000;1;9394055026;S
20240116;101341;1477.000000000;1;9394055027;S
20240116;101341;1477.000000000;1;9394055028;S
20240116;101341;1477.000000000;1;9394055029;S
20240116;101341;1477.000000000;1;9394055030;S
20240116;101341;1477.000000000;5;9394055031;S
20240116;101341;1477.000000000;1;9394055032;S
20240116;101341;1477.000000000;10;9394055033;S
20240116;101341;1477.000000000;5;9394055034;S
20240116;101341;1477.000000000;2;9394055035;S
20240116;101341;1477.000000000;1;9394055036;S
20240116;101341;1477.000000000;1;9394055037;S
20240116;101341;1477.000000000;10;9394055038;S
20240116;101341;1477.000000000;1;9394055039;S
20240116;101341;1477.000000000;1;9394055040;S
20240116;101341;1477.000000000;2;9394055041;S
20240116;101341;1477.000000000;338;9394055042;S
20240116;101341;1476.800000000;500;9394055043;S
20240116;101341;1476.600000000;5;9394055044;S
20240116;101341;1476.600000000;100;9394055045;S
20240116;101341;1476.400000000;1;9394055046;S
20240116;101341;1476.400000000;1;9394055047;S
20240116;101341;1476.400000000;10;9394055048;S
20240116;101341;1476.200000000;125;9394055049;S
20240116;101341;1476.200000000;200;9394055050;S
20240116;101341;1476.200000000;1;9394055051;S
20240116;101341;1476.000000000;1;9394055052;S
20240116;101341;1476.000000000;1;9394055053;S
20240116;101341;1476.000000000;5;9394055054;S
20240116;101341;1476.000000000;1;9394055055;S
20240116;101341;1476.000000000;50;9394055056;S
20240116;101341;1476.000000000;1;9394055057;S
20240116;101341;1476.000000000;7;9394055058;S
20240116;101341;1476.000000000;1;9394055059;S
20240116;101341;1476.000000000;1;9394055060;S
20240116;101341;1476.000000000;30;9394055061;S
20240116;101341;1476.000000000;124;9394055062;S
20240116;101341;1480.400000000;4;9394055063;B
20240116;101341;1478.600000000;4;9394055064;S
20240116;101341;1478.600000000;60;9394055065;S
20240116;101341;1478.600000000;36;9394055066;S
20240116;101341;1477.200000000;44;9394055067;S
20240116;101341;1477.200000000;100;9394055068;S
20240116;101341;1477.400000000;21;9394055069;S
20240116;101341;1477.400000000;9;9394055070;S
20240116;101341;1478.800000000;1;9394055071;B
20240116;101341;1478.800000000;1;9394055072;B
20240116;101341;1478.800000000;5;9394055073;B
20240116;101341;1478.600000000;53;9394055074;S
20240116;101341;1478.600000000;47;9394055075;S
20240116;101341;1478.400000000;100;9394055076;B
20240116;101341;1476.800000000;50;9394055079;S
20240116;101341;1476.800000000;25;9394055080;S
20240116;101341;1477.800000000;5;9394055082;B
20240116;101341;1477.800000000;20;9394055083;B
20240116;101341;1477.800000000;3;9394055084;B
20240116;101341;1477.800000000;1;9394055087;B
20240116;101341;1477.800000000;1;9394055088;B
20240116;101341;1477.800000000;1;9394055089;B
20240116;101341;1477.000000000;10;9394055101;S
20240116;101341;1477.800000000;2;9394055102;B
20240116;101341;1477.800000000;2;9394055103;B
20240116;101341;1477.800000000;5;9394055105;B
20240116;101341;1477.800000000;50;9394055106;B
20240116;101341;1477.800000000;8;9394055107;B
20240116;101341;1477.800000000;4;9394055112;B
20240116;101341;1477.800000000;1;9394055113;B
20240116;101341;1477.800000000;2;9394055114;B
20240116;101341;1477.800000000;1;9394055118;B
20240116;101341;1477.000000000;4;9394055121;S
20240116;101341;1477.800000000;1;9394055123;B
20240116;101341;1477.800000000;4;9394055124;B
20240116;101341;1477.800000000;49;9394055126;B
20240116;101341;1477.800000000;51;9394055127;B
20240116;101341;1477.000000000;9;9394055128;S
20240116;101341;1477.000000000;17;9394055146;S
20240116;101341;1477.800000000;5;9394055147;B
20240116;101341;1477.800000000;6;9394055148;B
20240116;101341;1477.800000000;1;9394055149;B
20240116;101341;1477.000000000;5;9394055154;S
20240116;101341;1477.000000000;10;9394055155;S
20240116;101341;1477.800000000;20;9394055156;B
20240116;101341;1477.200000000;15;9394055157;S
20240116;101341;1477.000000000;9;9394055158;S
20240116;101341;1476.800000000;270;9394055159;S
20240116;101341;1476.600000000;21;9394055160;S
20240116;101341;1476.600000000;25;9394055161;S
20240116;101341;1476.600000000;24;9394055162;S
20240116;101341;1476.200000000;1;9394055163;S
20240116;101341;1477.000000000;91;9394055164;B
20240116;101341;1477.000000000;9;9394055166;S
20240116;101341;1476.800000000;6;9394055167;S
20240116;101341;1476.800000000;23;9394055168;S
20240116;101341;1476.800000000;71;9394055169;S
20240116;101341;1476.800000000;100;9394055170;S
20240116;101341;1476.200000000;65;9394055171;S
20240116;101341;1476.000000000;10;9394055172;S
20240116;101341;1476.000000000;12;9394055173;S
20240116;101341;1477.200000000;10;9394055174;B
20240116;101341;1477.200000000;10;9394055175;B
20240116;101341;1476.000000000;3;9394055182;S
20240116;101341;1476.000000000;2;9394055183;S
20240116;101341;1477.200000000;1;9394055187;B
20240116;101341;1477.200000000;4;9394055188;B
20240116;101341;1477.400000000;6;9394055189;B
20240116;101341;1476.200000000;6;9394055191;S
20240116;101341;1476.000000000;59;9394055192;S
20240116;101341;1476.000000000;5;9394055193;S
20240116;101341;1476.000000000;20;9394055194;S
20240116;101341;1476.000000000;1;9394055195;S
20240116;101341;1476.000000000;20;9394055196;S
20240116;101341;1476.000000000;53;9394055197;S
20240116;101341;1476.000000000;25;9394055198;S
20240116;101341;1475.800000000;53;9394055199;S
20240116;101341;1475.800000000;28;9394055200;S
20240116;101341;1475.800000000;72;9394055201;S
20240116;101341;1475.800000000;25;9394055202;S
20240116;101341;1475.800000000;53;9394055203;S
20240116;101341;1475.800000000;70;9394055204;S
20240116;101341;1477.000000000;25;9394055205;B
20240116;101341;1477.000000000;53;9394055206;B
20240116;101341;1477.200000000;53;9394055207;B
20240116;101341;1477.200000000;19;9394055208;B
20240116;101341;1477.000000000;2;9394055209;B
20240116;101341;1477.000000000;20;9394055217;B
20240116;101341;1477.000000000;3;9394055218;B
20240116;101341;1477.000000000;2;9394055219;B
20240116;101341;1475.800000000;59;9394055220;S
20240116;101341;1476.800000000;2;9394055221;B
20240116;101341;1475.600000000;2;9394055222;S
20240116;101341;1476.800000000;25;9394055223;B
20240116;101341;1477.000000000;10;9394055224;B
20240116;101341;1475.800000000;9;9394055225;S
20240116;101341;1477.200000000;2;9394055226;B
20240116;101341;1477.200000000;5;9394055227;B
20240116;101341;1477.200000000;1;9394055228;B
20240116;101341;1475.800000000;10;9394055229;S
20240116;101341;1475.800000000;35;9394055230;S
20240116;101341;1477.200000000;5;9394055231;B
20240116;101341;1475.800000000;7;9394055232;S
20240116;101341;1477.200000000;5;9394055234;B
20240116;101341;1477.200000000;4;9394055235;B
20240116;101341;1475.800000000;10;9394055236;S
20240116;101341;1477.200000000;3;9394055237;B
20240116;101341;1477.200000000;8;9394055238;B
20240116;101341;1477.200000000;3;9394055239;B
20240116;101341;1477.000000000;10;9394055240;B
20240116;101341;1477.000000000;15;9394055241;B
20240116;101341;1477.200000000;55;9394055242;B
20240116;101341;1477.200000000;5;9394055243;B
20240116;101341;1477.200000000;5;9394055244;B
20240116;101341;1476.000000000;1;9394055245;S
20240116;101341;1476.000000000;38;9394055246;S
20240116;101341;1475.800000000;100;9394055247;S
20240116;101341;1475.600000000;23;9394055248;S
20240116;101341;1475.600000000;53;9394055249;S
20240116;101341;1475.600000000;11;9394055250;S
20240116;101341;1475.400000000;13;9394055251;S
20240116;101341;1475.400000000;21;9394055252;S
20240116;101341;1476.800000000;5;9394055253;B
20240116;101341;1477.000000000;3;9394055255;B
20240116;101341;1477.000000000;10;9394055256;B
20240116;101341;1477.000000000;1;9394055257;B
20240116;101341;1475.800000000;2;9394055260;S
20240116;101341;1476.800000000;1;9394055261;B
20240116;101341;1475.800000000;66;9394055262;S
20240116;101341;1475.800000000;79;9394055263;S
20240116;101341;1475.600000000;15;9394055264;S
20240116;101341;1476.800000000;5;9394055266;B
20240116;101341;1475.800000000;84;9394055267;B
20240116;101341;1475.800000000;16;9394055268;B
20240116;101341;1476.800000000;5;9394055269;B
20240116;101341;1476.800000000;20;9394055271;B
20240116;101341;1476.800000000;25;9394055272;B
20240116;101341;1476.800000000;55;9394055273;B
20240116;101341;1476.800000000;100;9394055274;B
20240116;101341;1477.000000000;25;9394055275;B
20240116;101341;1477.200000000;1;9394055277;B
20240116;101341;1477.000000000;31;9394055278;S
20240116;101341;1477.000000000;10;9394055279;S
20240116;101341;1477.200000000;4;9394055280;B
20240116;101341;1477.200000000;10;9394055281;B
20240116;101341;1477.000000000;6;9394055284;S
20240116;101341;1477.200000000;1;9394055285;B
20240116;101341;1477.000000000;18;9394055286;S
20240116;101341;1477.200000000;2;9394055287;B
20240116;101341;1477.200000000;35;9394055288;B
20240116;101341;1477.200000000;47;9394055289;B
20240116;101341;1477.000000000;10;9394055291;S
20240116;101341;1477.000000000;7;9394055292;S
20240116;101341;1477.200000000;1;9394055293;B
20240116;101341;1477.000000000;57;9394055294;S
20240116;101341;1477.000000000;25;9394055295;S
20240116;101341;1477.000000000;3;9394055296;S
20240116;101341;1477.200000000;5;9394055299;B
20240116;101341;1477.000000000;6;9394055300;S
20240116;101341;1477.200000000;7;9394055301;B
20240116;101341;1477.200000000;24;9394055303;B
20240116;101341;1477.200000000;12;9394055304;B
20240116;101341;1477.200000000;39;9394055306;B
20240116;101341;1477.200000000;61;9394055307;B
20240116;101341;1477.000000000;2;9394055308;S
20240116;101341;1477.000000000;1;9394055309;S
20240116;101341;1476.600000000;16;9394055310;S
20240116;101341;1476.600000000;14;9394055311;S
20240116;101341;1477.200000000;1;9394055312;B
20240116;101341;1476.600000000;3;9394055313;S
20240116;101341;1476.600000000;10;9394055314;S
20240116;101341;1476.600000000;30;9394055315;S
20240116;101341;1476.600000000;27;9394055316;S
20240116;101341;1476.400000000;1;9394055317;S
20240116;101341;1475.800000000;2;9394055318;S
20240116;101341;1475.600000000;20;9394055319;S
20240116;101341;1475.600000000;1;9394055320;S
20240116;101341;1476.800000000;4;9394055323;B
20240116;101341;1476.800000000;2;9394055324;B
20240116;101342;1476.800000000;19;9394055325;B
20240116;101342;1476.800000000;1;9394055326;B
20240116;101342;1477.000000000;10;9394055327;B
20240116;101342;1477.000000000;2;9394055330;B
20240116;101342;1475.600000000;5;9394055331;S
20240116;101342;1475.600000000;27;9394055332;S
20240116;101342;1475.600000000;25;9394055333;S
20240116;101342;1475.400000000;18;9394055334;S
20240116;101342;1475.600000000;4;9394055335;S
20240116;101342;1475.600000000;45;9394055336;S
20240116;101342;1475.600000000;4;9394055338;S
20240116;101342;1475.600000000;5;9394055339;S
20240116;101342;1476.800000000;50;9394055340;B
20240116;101342;1476.800000000;1;9394055341;B
20240116;101342;1475.600000000;20;9394055342;S
20240116;101342;1475.400000000;35;9394055343;S
20240116;101342;1475.400000000;13;9394055344;S
20240116;101342;1476.800000000;2;9394055345;B
20240116;101342;1477.000000000;3;9394055346;B
20240116;101342;1476.800000000;10;9394055348;B
20240116;101342;1475.600000000;25;9394055349;S
20240116;101342;1475.400000000;5;9394055350;S
20240116;101342;1475.600000000;20;9394055351;S
20240116;101342;1475.600000000;4;9394055352;S
20240116;101342;1476.800000000;1;9394055368;B
20240116;101342;1475.600000000;1;9394055369;S
20240116;101342;1475.400000000;50;9394055370;S
20240116;101342;1475.400000000;53;9394055371;S
20240116;101342;1475.400000000;46;9394055372;S
20240116;101342;1475.600000000;25;9394055375;S
20240116;101342;1475.400000000;124;9394055376;S
20240116;101342;1475.200000000;1;9394055377;S
20240116;101342;1476.800000000;7;9394055379;B
20240116;101342;1476.800000000;3;9394055383;B
20240116;101342;1476.800000000;1;9394055388;B
20240116;101342;1476.800000000;20;9394055392;B
20240116;101342;1476.800000000;1;9394055393;B
20240116;101342;1476.800000000;10;9394055394;B
20240116;101342;1476.800000000;10;9394055395;B
20240116;101342;1476.800000000;1;9394055396;B
20240116;101342;1476.800000000;14;9394055397;B
20240116;101342;1476.800000000;86;9394055398;B
20240116;101342;1476.800000000;102;9394055406;B
20240116;101342;1476.800000000;53;9394055407;B
20240116;101342;1476.800000000;5;9394055408;B
20240116;101342;1476.800000000;7;9394055409;B
20240116;101342;1475.600000000;2;9394055410;S
20240116;101342;1476.800000000;13;9394055414;B
20240116;101342;1476.800000000;37;9394055415;B
20240116;101342;1475.600000000;1;9394055416;S
20240116;101342;1476.800000000;1;9394055418;B
20240116;101342;1476.800000000;2;9394055419;B
20240116;101342;1476.800000000;1;9394055420;B
20240116;101342;1475.600000000;22;9394055421;S
20240116;101342;1475.400000000;45;9394055422;S
20240116;101342;1476.600000000;18;9394055423;B
20240116;101342;1475.600000000;7;9394055424;S
20240116;101342;1476.800000000;1;9394055425;B
20240116;101342;1476.800000000;66;9394055428;B
20240116;101342;1476.800000000;70;9394055429;B
20240116;101342;1477.000000000;53;9394055430;B
20240116;101342;1477.000000000;25;9394055431;B
20240116;101342;1477.200000000;53;9394055432;B
20240116;101342;1477.200000000;33;9394055433;B
20240116;101342;1476.000000000;1;9394055436;S
20240116;101342;1476.000000000;4;9394055437;S
20240116;101342;1477.000000000;25;9394055439;B
20240116;101342;1477.200000000;1;9394055451;B
20240116;101342;1477.000000000;25;9394055452;S
20240116;101342;1476.600000000;30;9394055453;S
20240116;101342;1476.000000000;15;9394055454;S
20240116;101342;1477.200000000;50;9394055455;B
20240116;101342;1477.000000000;3;9394055456;B
20240116;101342;1476.000000000;49;9394055457;S
20240116;101342;1476.000000000;23;9394055458;S
20240116;101342;1477.000000000;1;9394055460;B
20240116;101342;1477.000000000;5;9394055461;B
20240116;101342;1477.000000000;1;9394055469;B
20240116;101342;1477.000000000;1;9394055470;B
20240116;101342;1477.000000000;14;9394055471;B
20240116;101342;1477.200000000;36;9394055472;B
20240116;101342;1477.000000000;1;9394055476;B
20240116;101342;1477.200000000;2;9394055477;B
20240116;101342;1477.200000000;2;9394055478;B
20240116;101342;1477.200000000;4;9394055479;B
20240116;101342;1477.200000000;1;9394055481;B
20240116;101342;1477.200000000;30;9394055483;B
20240116;101342;1477.200000000;10;9394055484;B
20240116;101342;1477.200000000;10;9394055486;B
20240116;101342;1476.600000000;68;9394055487;S
20240116;101342;1476.400000000;82;9394055488;S
20240116;101342;1477.200000000;5;9394055489;B
20240116;101342;1477.200000000;1;9394055491;B
20240116;101342;1477.200000000;1;9394055492;B
20240116;101342;1477.200000000;5;9394055493;B
20240116;101342;1477.200000000;1;9394055494;B
20240116;101342;1477.200000000;10;9394055495;B
20240116;101342;1477.200000000;1;9394055496;B
20240116;101342;1477.200000000;1;9394055497;B
20240116;101342;1476.600000000;18;9394055498;S
20240116;101342;1476.600000000;50;9394055499;S
20240116;101342;1476.400000000;50;9394055500;S
20240116;101342;1477.200000000;2;9394055501;B
20240116;101342;1476.600000000;68;9394055502;S
20240116;101342;1476.400000000;41;9394055503;S
20240116;101342;1477.200000000;1;9394055504;B
20240116;101342;1476.400000000;27;9394055505;S
20240116;101342;1476.400000000;66;9394055506;S
20240116;101342;1477.200000000;1;9394055508;B
20240116;101342;1477.200000000;2;9394055509;B
20240116;101342;1477.200000000;9;9394055512;B
20240116;101342;1477.400000000;16;9394055513;B
20240116;101342;1477.400000000;25;9394055514;B
20240116;101342;1477.600000000;60;9394055516;B
20240116;101342;1477.600000000;40;9394055517;B
20240116;101342;1477.400000000;1;9394055518;B
20240116;101342;1477.400000000;8;9394055519;B
20240116;101342;1476.400000000;68;9394055520;S
20240116;101342;1476.200000000;53;9394055521;S
20240116;101342;1476.000000000;29;9394055522;S
20240116;101342;1477.400000000;16;9394055523;B
20240116;101342;1477.400000000;70;9394055524;B
20240116;101342;1477.400000000;24;9394055525;B
20240116;101342;1477.400000000;1;9394055526;B
20240116;101342;1477.400000000;45;9394055528;B
20240116;101342;1477.400000000;25;9394055529;B
20240116;101342;1477.600000000;95;9394055530;B
20240116;101342;1477.600000000;35;9394055531;B
20240116;101342;1476.200000000;22;9394055532;S
20240116;101342;1477.400000000;25;9394055533;B
20240116;101342;1477.600000000;15;9394055534;B
20240116;101342;1477.600000000;10;9394055535;B
20240116;101342;1476.200000000;2;9394055537;S
20240116;101342;1476.200000000;29;9394055538;S
20240116;101342;1476.200000000;52;9394055539;S
20240116;101342;1476.000000000;19;9394055540;S
20240116;101342;1477.400000000;25;9394055541;B
20240116;101342;1477.400000000;25;9394055542;B
20240116;101342;1476.000000000;5;9394055543;S
20240116;101342;1476.000000000;3;9394055544;S
20240116;101342;1476.000000000;30;9394055545;S
20240116;101342;1476.000000000;40;9394055546;S
20240116;101342;1477.400000000;1;9394055547;B
20240116;101342;1477.400000000;17;9394055548;B
20240116;101342;1477.400000000;1;9394055552;B
20240116;101342;1476.000000000;115;9394055553;S
20240116;101342;1476.000000000;25;9394055554;S
20240116;101342;1476.000000000;140;9394055555;S
20240116;101342;1476.000000000;20;9394055556;S
20240116;101342;1475.800000000;20;9394055557;S
20240116;101342;1477.000000000;10;9394055558;B
20240116;101342;1477.000000000;2;9394055560;B
20240116;101342;1477.000000000;3;9394055561;B
20240116;101342;1476.000000000;2;9394055562;S
20240116;101342;1475.800000000;1;9394055563;S
20240116;101342;1476.000000000;3;9394055565;S
20240116;101342;1475.800000000;20;9394055566;S
20240116;101342;1477.000000000;2;9394055567;B
20240116;101342;1475.800000000;119;9394055568;S
20240116;101342;1476.800000000;1;9394055575;S
20240116;101342;1477.400000000;2;9394055580;B
20240116;101342;1476.800000000;2;9394055582;S
20240116;101342;1477.400000000;50;9394055583;B
20240116;101342;1477.400000000;1;9394055584;B
20240116;101342;1477.600000000;1;9394055585;B
20240116;101342;1476.800000000;18;9394055586;S
20240116;101342;1477.400000000;1;9394055601;B
20240116;101342;1477.400000000;1;9394055604;B
20240116;101342;1477.400000000;51;9394055606;B
20240116;101342;1477.600000000;49;9394055607;B
20240116;101342;1477.600000000;25;9394055608;B
20240116;101342;1477.000000000;1;9394055623;S
20240116;101342;1477.000000000;9;9394055678;B
20240116;101342;1477.600000000;25;9394055679;B
20240116;101342;1477.600000000;2;9394055680;B
20240116;101342;1477.000000000;1;9394055683;S
20240116;101342;1476.800000000;198;9394055684;S
20240116;101342;1477.600000000;1;9394055687;B
20240116;101342;1477.600000000;24;9394055695;B
20240116;101342;1477.600000000;26;9394055696;B
20240116;101342;1477.600000000;1;9394055699;B
20240116;101342;1477.600000000;10;9394055702;B
20240116;101342;1477.600000000;33;9394055704;B
20240116;101342;1477.600000000;17;9394055705;B
20240116;101342;1477.800000000;50;9394055719;B
20240116;101342;1477.600000000;7;9394055729;S
20240116;101342;1477.800000000;4;9394055730;B
20240116;101343;1477.800000000;19;9394055736;B
20240116;101343;1477.800000000;25;9394055737;B
20240116;101343;1478.000000000;106;9394055738;B
20240116;101343;1477.600000000;10;9394055743;S
20240116;101343;1478.000000000;1;9394055751;B
20240116;101343;1478.000000000;10;9394055754;B
20240116;101343;1477.600000000;40;9394055760;S
20240116;101343;1478.000000000;50;9394055764;B
20240116;101343;1477.600000000;4;9394055765;S
20240116;101343;1478.000000000;1;9394055769;B
20240116;101343;1478.000000000;100;9394055770;B
20240116;101343;1478.000000000;2;9394055771;B
20240116;101343;1478.000000000;1;9394055779;B
20240116;101343;1478.000000000;1;9394055781;B
20240116;101343;1477.800000000;1;9394055878;S
20240116;101343;1477.800000000;50;9394055879;S
20240116;101343;1477.600000000;1;9394055882;S
20240116;101343;1477.800000000;4;9394055892;B
20240116;101343;1477.800000000;15;9394055893;B
20240116;101343;1477.600000000;2;9394055902;S
20240116;101343;1477.600000000;30;9394055903;S
20240116;101343;1477.800000000;1;9394055908;B
20240116;101343;1477.800000000;1;9394055911;B
20240116;101343;1477.800000000;1;9394055912;B
20240116;101343;1477.800000000;1;9394055914;B
20240116;101343;1477.800000000;26;9394055916;B
20240116;101343;1477.800000000;25;9394055917;B
20240116;101343;1478.000000000;149;9394055918;B
20240116;101343;1478.000000000;1;9394055919;B
20240116;101343;1477.600000000;6;9394055924;S
20240116;101343;1477.600000000;1;9394055925;S
20240116;101343;1477.600000000;1;9394055926;S
20240116;101343;1477.600000000;5;9394055927;S
20240116;101343;1477.800000000;1;9394055928;B
20240116;101343;1477.800000000;1;9394055929;B
20240116;101343;1477.800000000;10;9394055930;B
20240116;101343;1477.600000000;10;9394055933;S
20240116;101343;1477.800000000;13;9394055935;B
20240116;101343;1478.000000000;187;9394055936;B
20240116;101343;1478.000000000;1;9394055937;B
20240116;101343;1477.600000000;4;9394055938;S
20240116;101343;1477.600000000;1;9394055939;S
20240116;101343;1477.600000000;2;9394055940;S
20240116;101343;1477.400000000;2;9394055941;S
20240116;101343;1477.800000000;8;9394055942;B
20240116;101343;1477.400000000;20;9394055943;S
20240116;101343;1477.800000000;6;9394055945;B
20240116;101343;1477.800000000;1;9394055946;B
20240116;101343;1477.400000000;30;9394055947;S
20240116;101343;1477.800000000;5;9394055950;B
20240116;101343;1477.800000000;1;9394055951;B
20240116;101343;1477.800000000;2;9394055969;B
20240116;101343;1477.800000000;2;9394055981;B
20240116;101343;1478.000000000;8;9394055982;B
20240116;101343;1477.800000000;20;9394055983;B
20240116;101343;1477.800000000;5;9394055993;B
20240116;101343;1478.000000000;5;9394055994;B
20240116;101343;1477.600000000;15;9394055995;S
20240116;101343;1477.800000000;1;9394055999;B
20240116;101343;1477.600000000;1;9394056000;S
20240116;101343;1477.800000000;1;9394056001;B
20240116;101343;1477.600000000;2;9394056002;S
20240116;101343;1477.600000000;2;9394056004;S
20240116;101343;1477.800000000;1;9394056009;B
20240116;101343;1477.800000000;3;9394056010;B
20240116;101343;1477.600000000;1;9394056020;S
20240116;101343;1477.600000000;1;9394056021;S
20240116;101343;1477.600000000;3;9394056022;S
20240116;101343;1477.400000000;2;9394056023;S
20240116;101343;1477.800000000;1;9394056024;B
20240116;101343;1477.800000000;18;9394056048;B
20240116;101343;1477.800000000;12;9394056049;B
20240116;101343;1477.400000000;146;9394056051;S
20240116;101343;1477.400000000;10;9394056052;S
20240116;101343;1477.400000000;1;9394056053;S
20240116;101343;1477.200000000;90;9394056054;S
20240116;101343;1477.400000000;1;9394056082;B
20240116;101343;1477.400000000;1;9394056083;B
20240116;101343;1477.800000000;19;9394056084;B
20240116;101343;1477.800000000;10;9394056086;B
20240116;101343;1477.800000000;1;9394056099;B
20240116;101343;1477.800000000;10;9394056100;B
20240116;101343;1477.800000000;50;9394056102;B
20240116;101343;1477.800000000;1;9394056104;B
20240116;101343;1477.800000000;2;9394056111;B
20240116;101343;1477.400000000;1;9394056123;S
20240116;101343;1477.200000000;4;9394056124;S
20240116;101343;1477.800000000;10;9394056136;B
20240116;101343;1477.800000000;70;9394056140;B
20240116;101344;1477.800000000;1;9394056291;B
20240116;101344;1477.800000000;10;9394056302;B
20240116;101344;1477.600000000;1;9394056307;S
20240116;101344;1477.600000000;1;9394056328;B
20240116;101345;1477.400000000;1;9394056392;S
20240116;101345;1477.400000000;10;9394056393;S
20240116;101345;1477.200000000;2;9394056394;S
20240116;101345;1477.200000000;185;9394056395;S
20240116;101345;1477.200000000;25;9394056396;S
20240116;101345;1477.000000000;1;9394056397;S
20240116;101345;1477.000000000;10;9394056398;S
20240116;101345;1477.000000000;1;9394056399;S
20240116;101345;1477.000000000;1;9394056400;S
20240116;101345;1477.000000000;1;9394056401;S
20240116;101345;1477.000000000;1;9394056402;S
20240116;101345;1477.000000000;200;9394056403;S
20240116;101345;1477.000000000;10;9394056404;S
20240116;101345;1477.000000000;200;9394056405;S
20240116;101345;1477.000000000;15;9394056406;S
20240116;101345;1477.000000000;1;9394056407;S
20240116;101345;1477.000000000;100;9394056408;S
20240116;101345;1477.000000000;20;9394056409;S
20240116;101345;1477.000000000;4;9394056410;S
20240116;101345;1477.000000000;2;9394056411;S
20240116;101345;1477.000000000;1;9394056412;S
20240116;101345;1477.000000000;17;9394056413;S
20240116;101345;1476.800000000;50;9394056414;S
20240116;101345;1476.600000000;13;9394056415;S
20240116;101345;1476.600000000;53;9394056416;S
20240116;101345;1476.600000000;250;9394056417;S
20240116;101345;1476.600000000;4;9394056418;S
20240116;101345;1476.600000000;22;9394056419;S
20240116;101345;1477.600000000;3;9394056437;B
20240116;101345;1477.600000000;1;9394056590;B
20240116;101345;1477.600000000;20;9394056612;B
20240116;101346;1477.600000000;24;9394056671;B
20240116;101346;1477.600000000;1;9394056672;B
20240116;101346;1477.600000000;24;9394056706;B
20240116;101346;1477.600000000;50;9394056707;B
20240116;101346;1477.800000000;26;9394056708;B
20240116;101346;1477.600000000;25;9394056849;B
20240116;101346;1477.600000000;99;9394056850;B
20240116;101346;1477.800000000;70;9394056851;B
20240116;101346;1477.800000000;135;9394056852;B
20240116;101346;1477.800000000;600;9394056853;B
20240116;101346;1477.800000000;70;9394056854;B
20240116;101346;1478.000000000;877;9394056855;B
20240116;101346;1478.000000000;1690;9394056856;B
20240116;101346;1478.000000000;50;9394056857;B
20240116;101346;1478.000000000;388;9394056858;B
20240116;101346;1478.000000000;53;9394056859;B
20240116;101346;1478.000000000;3;9394056860;B
20240116;101346;1478.000000000;60;9394056861;B
20240116;101346;1478.200000000;53;9394056862;B
20240116;101346;1478.400000000;53;9394056863;B
20240116;101346;1478.600000000;70;9394056864;B
20240116;101346;1478.600000000;36;9394056865;B
20240116;101346;1478.600000000;150;9394056866;B
20240116;101346;1478.600000000;33;9394056867;B
20240116;101346;1478.600000000;33;9394056868;B
20240116;101346;1478.600000000;452;9394056869;B
20240116;101346;1478.400000000;2;9394056870;B
20240116;101346;1477.600000000;300;9394056888;B
20240116;101346;1477.400000000;1;9394056890;S
20240116;101346;1477.400000000;1;9394056891;S
20240116;101346;1477.400000000;1;9394056892;S
20240116;101346;1477.400000000;1;9394056893;S
20240116;101346;1477.400000000;1;9394056894;S
20240116;101346;1477.400000000;1;9394056895;S
20240116;101346;1477.400000000;1;9394056896;S
20240116;101346;1477.400000000;1;9394056897;S
20240116;101346;1477.200000000;7;9394056898;S
20240116;101347;1478.400000000;1;9394056920;B
20240116;101347;1478.400000000;45;9394056929;B
20240116;101347;1478.400000000;1;9394056934;B
20240116;101347;1478.200000000;50;9394057038;B
20240116;101348;1478.000000000;5;9394057224;B
20240116;101349;1478.000000000;50;9394057468;B
20240116;101349;1478.000000000;130;9394057585;B
20240116;101350;1478.000000000;65;9394057671;B
20240116;101350;1478.000000000;35;9394057672;B
20240116;101350;1478.000000000;250;9394057703;B
20240116;101350;1478.000000000;22;9394057732;B
20240116;101350;1478.200000000;16;9394057733;B
20240116;101350;1478.200000000;50;9394057734;B
20240116;101350;1478.200000000;25;9394057735;B
20240116;101350;1478.400000000;70;9394057736;B
20240116;101350;1478.400000000;17;9394057737;B
20240116;101350;1478.400000000;2;9394057875;B
20240116;101351;1478.400000000;51;9394057981;B
20240116;101351;1478.400000000;25;9394057982;B
20240116;101351;1478.400000000;124;9394057983;B
20240116;101351;1477.800000000;1;9394058019;S
20240116;101351;1477.800000000;10;9394058020;S
20240116;101351;1477.800000000;53;9394058021;S
20240116;101351;1477.800000000;16;9394058022;S
20240116;101351;1477.600000000;1;9394058023;S
20240116;101351;1477.600000000;4;9394058024;S
20240116;101351;1477.600000000;53;9394058025;S
20240116;101351;1477.400000000;5;9394058026;S
20240116;101351;1477.400000000;53;9394058027;S
20240116;101351;1477.200000000;62;9394058028;S
20240116;101351;1477.200000000;25;9394058029;S
20240116;101351;1477.200000000;124;9394058030;S
20240116;101351;1477.000000000;100;9394058031;S
20240116;101351;1477.000000000;193;9394058032;S
20240116;101351;1478.200000000;1;9394058071;B
20240116;101352;1478.200000000;25;9394058140;B
20240116;101352;1478.400000000;44;9394058141;B
20240116;101352;1478.400000000;31;9394058142;B
20240116;101352;1478.200000000;150;9394058270;B
20240116;101354;1478.000000000;29;9394058546;S
20240116;101354;1478.000000000;1;9394058547;S
20240116;101354;1477.200000000;45;9394058548;S
20240116;101355;1477.800000000;5;9394058717;S
20240116;101355;1478.000000000;43;9394058786;B
20240116;101355;1478.200000000;73;9394058787;B
20240116;101355;1477.800000000;1;9394058797;S
20240116;101355;1478.200000000;10;9394058850;B
20240116;101358;1478.000000000;44;9394059676;S
20240116;101358;1477.800000000;14;9394059677;S
20240116;101400;1477.600000000;22;9394060008;B
20240116;101400;1477.800000000;3;9394060095;B
20240116;101400;1477.800000000;136;9394060115;B
20240116;101400;1477.800000000;2;9394060144;B
20240116;101400;1477.800000000;4;9394060152;B
20240116;101401;1477.800000000;1;9394060253;B
20240116;101401;1477.800000000;20;9394060277;B
20240116;101401;1477.200000000;2;9394060315;S
20240116;101401;1477.800000000;2;9394060321;B
20240116;101402;1477.800000000;1;9394060422;B
20240116;101402;1477.800000000;4;9394060455;B
20240116;101402;1477.000000000;7;9394060457;S
20240116;101402;1477.000000000;13;9394060458;S
20240116;101402;1477.000000000;32;9394060648;S
20240116;101403;1477.800000000;2;9394060652;B
20240116;101404;1477.800000000;2;9394060867;B
20240116;101405;1477.800000000;1;9394061217;B
20240116;101406;1477.800000000;1;9394061325;B
20240116;101406;1477.800000000;1;9394061407;B
20240116;101406;1477.800000000;1;9394061430;B
20240116;101406;1477.800000000;36;9394061460;B
20240116;101406;1477.800000000;6;9394061461;B
20240116;101406;1478.200000000;1;9394061491;B
20240116;101408;1478.200000000;66;9394061813;B
20240116;101408;1478.200000000;11;9394061814;B
20240116;101409;1478.400000000;1;9394061884;B
