<DATE>;<TIME>;<LAST>;<VOL>;<ID>;<OPER>
20240117;095934;1474.800000000;3;9411033680;B
20240117;095934;1474.800000000;1;9411033681;S
20240117;095934;1474.800000000;2;9411033682;S
20240117;095934;1474.800000000;1;9411033683;S
20240117;095934;1474.800000000;1;9411033684;B
20240117;095934;1474.800000000;6;9411033685;B
20240117;095934;1474.800000000;1;9411033686;B
20240117;095934;1474.800000000;1;9411033687;B
20240117;095934;1474.800000000;1;9411033688;B
20240117;095934;1474.800000000;1;9411033689;B
20240117;095934;1474.800000000;6;9411033690;B
20240117;095934;1474.800000000;5;9411033691;B
20240117;095934;1474.800000000;5;9411033692;B
20240117;095934;1474.800000000;1;9411033693;B
20240117;095934;1474.800000000;1;9411033694;B
20240117;095934;1474.800000000;1;9411033695;B
20240117;095934;1474.800000000;2;9411033696;B
20240117;095934;1474.800000000;1;9411033697;B
20240117;095934;1474.800000000;1;9411033698;S
20240117;095934;1474.800000000;43;9411033699;S
20240117;095934;1474.800000000;1;9411033700;S
20240117;095934;1474.800000000;4;9411033701;S
20240117;095934;1474.800000000;7;9411033702;S
20240117;095934;1474.800000000;2;9411033703;S
20240117;095934;1474.800000000;1;9411033704;S
20240117;095934;1474.800000000;2;9411033705;S
20240117;095934;1474.800000000;7;9411033706;S
20240117;095934;1474.800000000;20;9411033707;S
20240117;095934;1474.800000000;3;9411033708;S
20240117;095934;1474.800000000;1;9411033709;S
20240117;095934;1474.800000000;3;9411033710;S
20240117;095934;1474.800000000;4;9411033711;B
20240117;095934;1474.800000000;1;9411033712;B
20240117;095934;1474.800000000;5;9411033713;B
20240117;095934;1474.800000000;2;9411033714;B
20240117;095934;1474.800000000;2;9411033715;B
20240117;095934;1474.800000000;9;9411033716;B
20240117;095934;1474.800000000;11;9411033717;B
20240117;095934;1474.800000000;31;9411033718;S
20240117;095934;1474.800000000;2;9411033719;S
20240117;095934;1474.800000000;3;9411033720;B
20240117;095934;1474.800000000;3;9411033721;B
20240117;095934;1474.800000000;20;9411033722;S
20240117;095934;1474.800000000;91;9411033723;S
20240117;095934;1474.800000000;27;9411033724;S
20240117;095934;1474.800000000;1;9411033725;S
20240117;095934;1474.800000000;2;9411033726;S
20240117;095934;1474.800000000;1;9411033727;S
20240117;095934;1474.800000000;2;9411033728;S
20240117;095934;1474.800000000;1;9411033729;S
20240117;095934;1474.800000000;7;9411033730;S
20240117;095934;1474.800000000;1;9411033731;S
20240117;095934;1474.800000000;4;9411033732;S
20240117;095934;1474.800000000;1;9411033733;S
20240117;095934;1474.800000000;11;9411033734;S
20240117;095934;1474.800000000;3;9411033735;S
20240117;095934;1474.800000000;1;9411033736;S
20240117;095934;1474.800000000;2;9411033737;S
20240117;095934;1474.800000000;1;9411033738;S
20240117;095934;1474.800000000;1;9411033739;S
20240117;095934;1474.800000000;17;9411033740;S
20240117;095934;1474.800000000;1;9411033741;S
20240117;095934;1474.800000000;3;9411033742;S
20240117;095934;1474.800000000;1;9411033743;S
20240117;095934;1474.800000000;12;9411033744;S
20240117;095934;1474.800000000;38;9411033745;B
20240117;095934;1474.800000000;27;9411033746;B
20240117;100000;1474.800000000;100;9411039810;B
20240117;100000;1474.600000000;1;9411040187;S
20240117;100000;1474.800000000;295;9411040417;B
20240117;100000;1474.800000000;2;9411040418;B
20240117;100000;1474.800000000;2;9411040419;B
20240117;100000;1474.800000000;15;9411040420;B
20240117;100000;1474.800000000;57;9411040421;B
20240117;100000;1474.800000000;3;9411040422;B
20240117;100000;1474.800000000;4;9411040423;B
20240117;100000;1474.800000000;15;9411040424;B
20240117;100000;1476.200000000;100;9411040551;B
20240117;100001;1475.400000000;10;9411041051;S
20240117;100004;1476.200000000;1;9411043272;B
20240117;100004;1476.000000000;1;9411043488;B
20240117;100004;1476.000000000;20;9411043494;B
20240117;100005;1476.000000000;1;9411043676;B
20240117;100005;1475.200000000;1;9411043695;S
20240117;100005;1476.000000000;1;9411044510;B
20240117;100005;1475.200000000;4;9411044733;S
20240117;100005;1475.200000000;19;9411044747;S
20240117;100005;1475.200000000;19;9411044748;S
20240117;100005;1475.200000000;2;9411044750;S
20240117;100005;1476.200000000;1;9411045168;B
20240117;100005;1475.200000000;2;9411045340;S
20240117;100006;1475.200000000;1;9411045792;S
20240117;100006;1476.200000000;7;9411045793;B
20240117;100007;1476.200000000;15;9411046971;B
20240117;100007;1476.000000000;10;9411047071;B
20240117;100007;1475.200000000;10;9411047072;S
20240117;100007;1476.000000000;1;9411047214;B
20240117;100007;1475.200000000;26;9411047425;S
20240117;100008;1475.200000000;50;9411047563;S
20240117;100008;1476.200000000;6;9411047566;B
20240117;100008;1475.200000000;1;9411047668;S
20240117;100008;1476.200000000;1;9411047692;B
20240117;100008;1475.200000000;1;9411047905;S
20240117;100010;1475.200000000;6;9411048302;S
20240117;100010;1475.200000000;54;9411048303;S
20240117;100010;1475.000000000;35;9411048304;S
20240117;100010;1475.000000000;300;9411048347;S
20240117;100010;1476.000000000;7;9411048391;B
20240117;100010;1475.000000000;12;9411048411;S
20240117;100010;1476.000000000;24;9411048597;B
20240117;100010;1476.000000000;1;9411048657;B
20240117;100011;1476.000000000;1;9411048970;B
20240117;100012;1475.000000000;1;9411049262;S
20240117;100013;1475.000000000;300;9411049474;S
20240117;100013;1475.000000000;40;9411049693;S
20240117;100018;1475.000000000;1;9411050852;S
20240117;100019;1475.600000000;9;9411050973;B
20240117;100020;1475.000000000;1;9411051244;S
20240117;100024;1475.800000000;1;9411052185;B
20240117;100024;1475.800000000;2;9411052293;B
20240117;100026;1475.800000000;18;9411052799;B
20240117;100026;1476.000000000;82;9411052800;B
20240117;100026;1475.600000000;4;9411052821;S
20240117;100026;1476.000000000;1;9411052857;B
20240117;100027;1476.000000000;20;9411053080;B
20240117;100029;1475.600000000;8;9411053781;S
20240117;100029;1475.200000000;25;9411053782;S
20240117;100029;1475.200000000;15;9411053783;S
20240117;100032;1476.000000000;5;9411054683;B
20240117;100032;1475.200000000;67;9411054750;S
20240117;100032;1475.200000000;25;9411054751;S
20240117;100032;1475.000000000;93;9411054752;S
20240117;100034;1475.200000000;25;9411055126;S
20240117;100034;1475.200000000;5;9411055127;S
20240117;100034;1476.000000000;1;9411055158;B
20240117;100034;1475.200000000;10;9411055345;S
20240117;100037;1475.400000000;10;9411055908;S
20240117;100037;1475.200000000;55;9411055909;S
20240117;100037;1475.200000000;10;9411055910;S
20240117;100046;1475.200000000;5;9411058406;S
20240117;100047;1475.800000000;1;9411058729;B
20240117;100048;1475.200000000;20;9411058964;S
20240117;100048;1475.200000000;5;9411058978;B
20240117;100051;1475.200000000;35;9411059468;B
20240117;100054;1475.000000000;65;9411060262;S
20240117;100055;1475.200000000;1;9411060416;B
20240117;100056;1475.200000000;2;9411060557;B
20240117;100059;1475.200000000;5;9411061167;B
20240117;100102;1475.200000000;1;9411062018;B
20240117;100102;1475.200000000;1;9411062054;B
20240117;100104;1475.200000000;3;9411062319;B
20240117;100104;1475.200000000;7;9411062409;B
20240117;100104;1475.200000000;16;9411062410;B
20240117;100105;1475.200000000;1;9411062426;B
20240117;100105;1475.000000000;13;9411062529;S
20240117;100109;1475.200000000;1;9411063470;B
20240117;100121;1475.200000000;25;9411065631;S
20240117;100121;1475.000000000;22;9411065632;S
20240117;100122;1475.200000000;1;9411065860;S
20240117;100122;1475.200000000;15;9411065861;S
20240117;100125;1475.400000000;25;9411066575;S
20240117;100125;1475.400000000;1;9411066589;B
20240117;100127;1475.400000000;54;9411066938;B
20240117;100127;1475.400000000;54;9411066939;B
20240117;100127;1475.400000000;16;9411066940;S
20240117;100131;1475.400000000;5;9411067694;S
20240117;100132;1475.400000000;8;9411068013;S
20240117;100136;1475.600000000;1;9411068633;B
20240117;100138;1475.400000000;1;9411068985;S
20240117;100142;1475.600000000;1;9411069474;B
20240117;100142;1475.600000000;20;9411069570;B
20240117;100145;1475.400000000;3;9411070065;S
20240117;100146;1475.400000000;25;9411070273;S
20240117;100148;1475.800000000;2;9411070614;B
20240117;100153;1475.600000000;2;9411071384;B
20240117;100153;1475.600000000;8;9411071548;B
20240117;100155;1476.000000000;1;9411072015;B
20240117;100159;1475.600000000;10;9411072515;S
20240117;100159;1475.600000000;5;9411072550;B
20240117;100201;1475.600000000;1;9411072980;B
20240117;100208;1475.600000000;1;9411074415;B
20240117;100210;1475.600000000;6;9411074854;B
20240117;100211;1475.400000000;200;9411075235;S
20240117;100213;1475.400000000;36;9411075472;S
20240117;100214;1475.600000000;1;9411075673;B
20240117;100221;1475.600000000;2;9411076832;B
20240117;100222;1475.600000000;8;9411076988;B
20240117;100225;1475.600000000;1;9411077428;B
20240117;100229;1475.600000000;1;9411078022;B
20240117;100229;1475.600000000;1;9411078042;B
20240117;100233;1475.600000000;13;9411078749;B
20240117;100234;1476.000000000;1;9411078894;B
20240117;100244;1475.400000000;28;9411080329;S
20240117;100245;1475.800000000;19;9411080585;B
20240117;100245;1476.000000000;10;9411080586;B
20240117;100245;1476.000000000;54;9411080587;B
20240117;100245;1476.000000000;68;9411080588;B
20240117;100245;1476.200000000;6;9411080589;B
20240117;100245;1476.200000000;54;9411080590;B
20240117;100245;1476.200000000;70;9411080591;B
20240117;100245;1476.200000000;104;9411080592;B
20240117;100245;1476.400000000;54;9411080593;B
20240117;100245;1476.400000000;25;9411080594;B
20240117;100245;1476.400000000;135;9411080595;B
20240117;100245;1477.000000000;190;9411080596;B
20240117;100245;1477.200000000;113;9411080597;B
20240117;100245;1477.200000000;348;9411080598;B
20240117;100247;1476.200000000;4;9411080845;B
20240117;100247;1476.200000000;6;9411080846;S
20240117;100248;1476.400000000;5;9411080958;B
20240117;100249;1476.400000000;1;9411081028;B
20240117;100255;1476.200000000;1;9411081898;B
20240117;100255;1476.200000000;1;9411081936;B
20240117;100256;1476.200000000;1;9411082019;B
20240117;100256;1476.200000000;70;9411082152;B
20240117;100258;1476.200000000;6;9411082381;B
20240117;100259;1476.400000000;1;9411082497;B
20240117;100301;1476.400000000;1;9411082846;B
20240117;100301;1476.200000000;3;9411082928;S
20240117;100301;1476.200000000;1;9411083015;B
20240117;100304;1476.000000000;1;9411083378;S
20240117;100304;1476.200000000;1;9411083550;B
20240117;100311;1476.200000000;19;9411084792;S
20240117;100312;1476.400000000;7;9411084837;B
20240117;100312;1476.400000000;54;9411084838;B
20240117;100312;1476.600000000;54;9411084839;B
20240117;100312;1476.600000000;48;9411084840;B
20240117;100312;1476.600000000;137;9411084841;B
20240117;100312;1476.600000000;1;9411084888;B
20240117;100314;1476.200000000;6;9411085071;S
20240117;100315;1476.400000000;1;9411085444;B
20240117;100316;1476.600000000;53;9411085572;B
20240117;100316;1476.600000000;47;9411085573;B
20240117;100318;1476.800000000;7;9411085954;B
20240117;100318;1476.800000000;93;9411085955;B
20240117;100319;1476.600000000;2;9411086155;S
20240117;100319;1476.600000000;1;9411086178;S
20240117;100319;1476.600000000;1;9411086194;S
20240117;100320;1476.800000000;54;9411086196;B
20240117;100320;1476.800000000;46;9411086197;B
20240117;100320;1476.600000000;7;9411086207;S
20240117;100320;1476.600000000;6;9411086350;S
20240117;100321;1476.800000000;2;9411086508;B
20240117;100323;1476.800000000;5;9411086675;B
20240117;100323;1476.800000000;1;9411086691;B
20240117;100324;1476.800000000;4;9411086814;B
20240117;100324;1476.600000000;8;9411086837;S
20240117;100324;1476.600000000;50;9411086838;S
20240117;100324;1476.400000000;1;9411086839;S
20240117;100324;1476.400000000;1;9411086840;S
20240117;100324;1476.200000000;25;9411086841;S
20240117;100324;1476.200000000;2;9411086842;S
20240117;100324;1476.000000000;18;9411086843;S
20240117;100324;1476.800000000;1;9411086851;B
20240117;100325;1476.800000000;1;9411086972;B
20240117;100328;1476.800000000;10;9411087325;B
20240117;100328;1476.800000000;56;9411087326;B
20240117;100328;1477.000000000;33;9411087327;B
20240117;100330;1477.000000000;28;9411087451;B
20240117;100330;1477.200000000;1;9411087460;B
20240117;100330;1477.200000000;56;9411087524;B
20240117;100331;1477.600000000;4;9411087666;B
20240117;100339;1477.800000000;1;9411089028;B
20240117;100339;1478.000000000;10;9411089087;B
20240117;100339;1477.600000000;5;9411089127;S
20240117;100339;1477.400000000;4;9411089128;S
20240117;100340;1478.000000000;5;9411089141;B
20240117;100340;1478.000000000;50;9411089245;B
20240117;100341;1478.000000000;80;9411089259;B
20240117;100341;1478.000000000;20;9411089260;B
20240117;100341;1478.000000000;1;9411089271;B
20240117;100341;1478.000000000;15;9411089327;B
20240117;100341;1478.000000000;14;9411089365;B
20240117;100341;1478.000000000;31;9411089366;B
20240117;100342;1478.000000000;50;9411089402;B
20240117;100342;1478.000000000;1;9411089424;B
20240117;100343;1477.800000000;1;9411089656;S
20240117;100343;1478.200000000;30;9411089691;B
20240117;100345;1478.200000000;41;9411089887;B
20240117;100345;1478.600000000;3;9411089930;B
20240117;100345;1478.200000000;1;9411089942;S
20240117;100346;1478.600000000;9;9411089972;B
20240117;100346;1478.600000000;41;9411089973;B
20240117;100346;1478.600000000;3;9411090037;B
20240117;100346;1478.600000000;30;9411090047;B
20240117;100346;1478.600000000;38;9411090068;B
20240117;100346;1478.800000000;3;9411090069;B
20240117;100346;1478.800000000;132;9411090070;B
20240117;100346;1479.000000000;5;9411090071;B
20240117;100346;1479.000000000;10;9411090072;B
20240117;100346;1479.000000000;3;9411090073;B
20240117;100348;1479.000000000;14;9411090257;B
20240117;100348;1479.000000000;1;9411090299;B
20240117;100348;1479.000000000;1;9411090363;B
20240117;100348;1479.200000000;4;9411090364;B
20240117;100349;1479.200000000;2;9411090459;B
20240117;100349;1479.200000000;10;9411090478;B
20240117;100350;1479.200000000;69;9411090540;B
20240117;100350;1479.200000000;10;9411090541;B
20240117;100350;1479.400000000;1;9411090542;B
20240117;100350;1479.400000000;5;9411090614;B
20240117;100350;1479.400000000;2;9411090616;B
20240117;100350;1479.400000000;48;9411090617;B
20240117;100351;1479.200000000;1;9411090664;S
20240117;100351;1479.400000000;52;9411090721;B
20240117;100351;1479.600000000;54;9411090722;B
20240117;100351;1479.600000000;12;9411090723;B
20240117;100351;1479.600000000;128;9411090724;B
20240117;100351;1479.600000000;4;9411090725;B
20240117;100351;1479.800000000;40;9411090879;B
20240117;100351;1479.800000000;68;9411090907;B
20240117;100352;1479.800000000;10;9411090959;B
20240117;100352;1479.800000000;214;9411090964;B
20240117;100352;1479.800000000;5;9411090965;B
20240117;100352;1479.800000000;3;9411090966;B
20240117;100352;1479.800000000;1;9411090967;B
20240117;100352;1479.800000000;27;9411090968;B
20240117;100352;1479.800000000;1;9411091052;B
20240117;100353;1479.800000000;1;9411091247;B
20240117;100353;1479.200000000;1;9411091271;S
20240117;100354;1479.800000000;1;9411091382;B
20240117;100355;1479.600000000;1;9411091510;B
20240117;100355;1479.600000000;6;9411091573;B
20240117;100355;1479.800000000;3;9411091574;B
20240117;100355;1479.800000000;1;9411091575;B
20240117;100356;1479.200000000;1;9411091663;S
20240117;100356;1479.600000000;1;9411091724;B
20240117;100356;1479.800000000;3;9411091725;B
20240117;100356;1479.800000000;89;9411091726;B
20240117;100356;1480.000000000;157;9411091727;B
20240117;100356;1480.000000000;1;9411091728;B
20240117;100357;1479.800000000;50;9411091909;B
20240117;100357;1480.000000000;176;9411091913;B
20240117;100357;1480.000000000;1;9411091914;B
20240117;100357;1480.000000000;1;9411091915;B
20240117;100357;1480.000000000;322;9411091916;B
20240117;100357;1480.000000000;1;9411091962;B
20240117;100358;1480.000000000;1;9411092082;B
20240117;100359;1480.000000000;1;9411092209;B
20240117;100359;1480.000000000;175;9411092304;B
20240117;100359;1480.000000000;1;9411092305;B
20240117;100359;1480.000000000;2;9411092306;B
20240117;100359;1480.000000000;52;9411092307;B
20240117;100359;1480.000000000;5;9411092308;B
20240117;100359;1480.000000000;15;9411092309;B
20240117;100400;1480.000000000;1;9411092320;B
20240117;100400;1480.000000000;1;9411092436;B
20240117;100400;1480.000000000;1;9411092501;B
20240117;100401;1480.000000000;32;9411092531;B
20240117;100401;1480.000000000;1;9411092532;B
20240117;100401;1480.000000000;10;9411092533;B
20240117;100401;1480.000000000;6;9411092534;B
20240117;100401;1480.000000000;1;9411092539;B
20240117;100401;1480.000000000;3;9411092547;B
20240117;100401;1480.200000000;6;9411092548;B
20240117;100401;1480.400000000;5;9411092549;B
20240117;100401;1480.400000000;168;9411092550;B
20240117;100401;1480.600000000;1;9411092551;B
20240117;100401;1480.600000000;40;9411092552;B
20240117;100401;1480.400000000;3;9411092564;B
20240117;100401;1480.400000000;1;9411092599;B
20240117;100402;1480.400000000;1;9411092662;B
20240117;100402;1480.400000000;3;9411092687;B
20240117;100403;1480.400000000;50;9411092843;B
20240117;100404;1480.400000000;1;9411093009;B
20240117;100404;1480.800000000;2;9411093010;B
20240117;100405;1480.000000000;3;9411093243;S
20240117;100405;1479.800000000;6;9411093244;S
20240117;100405;1479.400000000;2;9411093252;S
20240117;100409;1479.400000000;5;9411093861;S
20240117;100409;1479.200000000;1;9411093862;S
20240117;100409;1479.200000000;10;9411093948;S
20240117;100411;1479.400000000;10;9411094127;B
20240117;100411;1479.400000000;1;9411094128;B
20240117;100411;1479.600000000;5;9411094129;B
20240117;100411;1479.600000000;5;9411094130;B
20240117;100411;1479.800000000;11;9411094131;B
20240117;100411;1480.000000000;2;9411094132;B
20240117;100411;1480.200000000;66;9411094133;B
20240117;100412;1480.200000000;7;9411094281;B
20240117;100412;1480.200000000;5;9411094296;B
20240117;100412;1479.200000000;1;9411094393;S
20240117;100414;1479.400000000;100;9411094563;S
20240117;100417;1480.200000000;10;9411094948;B
20240117;100417;1480.200000000;5;9411094949;B
20240117;100417;1480.200000000;1;9411094950;B
20240117;100417;1480.400000000;8;9411094951;B
20240117;100417;1480.400000000;16;9411094952;B
20240117;100421;1480.400000000;34;9411095531;B
20240117;100421;1480.600000000;1;9411095532;B
20240117;100421;1480.800000000;3;9411095533;B
20240117;100421;1481.000000000;1;9411095534;B
20240117;100421;1481.000000000;10;9411095535;B
20240117;100421;1481.000000000;1;9411095536;B
20240117;100423;1480.600000000;3;9411096123;B
20240117;100431;1480.800000000;14;9411097234;B
20240117;100431;1480.800000000;100;9411097235;B
20240117;100431;1481.000000000;2;9411097236;B
20240117;100431;1481.000000000;85;9411097237;B
20240117;100432;1481.000000000;10;9411097363;B
20240117;100434;1481.000000000;3;9411097711;B
20240117;100435;1481.000000000;2;9411097836;B
20240117;100435;1481.000000000;18;9411097837;B
20240117;100437;1480.600000000;5;9411098213;S
20240117;100438;1480.800000000;1;9411098334;B
20240117;100438;1480.800000000;1;9411098335;B
20240117;100439;1480.800000000;1;9411098445;S
20240117;100440;1481.000000000;32;9411098669;B
20240117;100440;1481.000000000;100;9411098670;B
20240117;100440;1481.200000000;1;9411098671;B
20240117;100441;1481.000000000;54;9411098907;S
20240117;100441;1480.800000000;46;9411098908;S
20240117;100442;1481.400000000;2;9411099053;B
20240117;100442;1481.400000000;8;9411099054;B
20240117;100442;1481.600000000;13;9411099055;B
20240117;100442;1481.800000000;5;9411099068;B
20240117;100442;1481.800000000;1;9411099069;B
20240117;100442;1481.800000000;4;9411099070;B
20240117;100442;1482.000000000;1;9411099136;B
20240117;100442;1482.000000000;1;9411099137;B
20240117;100443;1482.000000000;1;9411099320;B
20240117;100447;1481.800000000;1;9411099903;B
20240117;100448;1481.800000000;7;9411100070;B
20240117;100450;1481.800000000;1;9411100445;B
20240117;100450;1481.800000000;91;9411100452;B
20240117;100450;1481.800000000;6;9411100453;B
20240117;100450;1481.800000000;36;9411100454;B
20240117;100450;1481.800000000;25;9411100455;B
20240117;100450;1482.000000000;8;9411100456;B
20240117;100450;1482.000000000;1;9411100457;B
20240117;100450;1482.000000000;463;9411100458;B
20240117;100451;1481.200000000;10;9411100547;S
20240117;100451;1481.200000000;6;9411100548;S
20240117;100452;1481.200000000;7;9411100747;B
20240117;100453;1481.200000000;1;9411100958;B
20240117;100456;1481.000000000;3;9411101665;B
20240117;100456;1481.200000000;84;9411101666;B
20240117;100457;1481.000000000;2;9411101810;S
20240117;100459;1481.000000000;3;9411102206;B
20240117;100502;1481.000000000;1;9411102779;B
20240117;100502;1481.000000000;4;9411102788;B
20240117;100503;1481.000000000;10;9411102826;B
20240117;100504;1481.000000000;82;9411102949;B
20240117;100504;1481.000000000;38;9411102950;B
20240117;100505;1481.000000000;1;9411103104;B
20240117;100506;1481.000000000;61;9411103296;B
20240117;100506;1481.200000000;180;9411103297;B
20240117;100507;1481.200000000;19;9411103343;B
20240117;100507;1481.000000000;27;9411103376;S
20240117;100507;1481.200000000;5;9411103496;B
20240117;100508;1481.200000000;188;9411103507;B
20240117;100509;1481.800000000;1;9411103854;B
20240117;100509;1481.800000000;1;9411103905;B
20240117;100510;1481.800000000;10;9411103946;B
20240117;100510;1481.800000000;1;9411103948;B
20240117;100514;1481.400000000;1;9411104501;S
20240117;100516;1481.800000000;37;9411104823;B
20240117;100516;1481.800000000;19;9411104824;B
20240117;100516;1481.800000000;1;9411104825;B
20240117;100516;1482.000000000;143;9411104826;B
20240117;100520;1482.000000000;10;9411105311;B
20240117;100522;1481.600000000;1;9411105633;S
20240117;100522;1481.400000000;19;9411105634;S
20240117;100523;1481.600000000;1;9411105973;B
20240117;100526;1481.800000000;4;9411106466;B
20240117;100526;1482.000000000;5;9411106467;B
20240117;100527;1482.000000000;1;9411106527;B
20240117;100527;1481.400000000;11;9411106559;S
20240117;100533;1481.400000000;37;9411107688;S
20240117;100533;1481.400000000;13;9411107689;S
20240117;100535;1481.400000000;1;9411107942;S
20240117;100537;1481.800000000;1;9411108286;B
20240117;100537;1482.000000000;12;9411108287;B
20240117;100537;1481.600000000;3;9411108291;S
20240117;100537;1482.000000000;1;9411108340;B
20240117;100537;1481.600000000;3;9411108358;S
20240117;100538;1482.000000000;100;9411108368;B
20240117;100538;1481.800000000;3;9411108441;S
20240117;100539;1481.800000000;3;9411108560;S
20240117;100539;1481.800000000;41;9411108626;S
20240117;100539;1482.000000000;20;9411108645;B
20240117;100540;1482.000000000;20;9411108691;B
20240117;100540;1482.000000000;22;9411108700;B
20240117;100540;1482.000000000;100;9411108724;B
20240117;100540;1481.800000000;3;9411108762;S
20240117;100540;1482.000000000;15;9411108769;B
20240117;100541;1481.800000000;3;9411108898;S
20240117;100541;1481.800000000;5;9411108904;S
20240117;100542;1481.800000000;3;9411108968;S
20240117;100543;1482.000000000;50;9411109135;B
20240117;100543;1482.000000000;38;9411109136;B
20240117;100544;1482.000000000;5;9411109255;B
20240117;100544;1482.000000000;1;9411109256;B
20240117;100544;1482.000000000;18;9411109257;B
20240117;100544;1482.000000000;1;9411109258;B
20240117;100544;1482.000000000;26;9411109259;B
20240117;100544;1482.000000000;1;9411109260;B
20240117;100544;1482.000000000;10;9411109261;B
20240117;100544;1482.000000000;10;9411109262;B
20240117;100544;1482.000000000;3;9411109263;B
20240117;100544;1482.000000000;80;9411109264;B
20240117;100544;1482.000000000;25;9411109265;B
20240117;100544;1482.000000000;1;9411109266;B
20240117;100544;1482.000000000;4;9411109267;B
20240117;100544;1482.000000000;6;9411109268;B
20240117;100544;1482.200000000;3;9411109284;B
20240117;100545;1482.000000000;11;9411109328;S
20240117;100545;1482.200000000;34;9411109418;B
20240117;100546;1482.000000000;5;9411109544;S
20240117;100548;1482.200000000;1;9411109785;B
20240117;100548;1482.200000000;2;9411109858;B
20240117;100548;1482.200000000;1;9411109859;B
20240117;100548;1482.200000000;5;9411109860;B
20240117;100548;1482.400000000;10;9411109861;B
20240117;100548;1482.400000000;6;9411109862;B
20240117;100548;1482.600000000;44;9411109863;B
20240117;100550;1482.400000000;1;9411110225;B
20240117;100550;1482.400000000;1;9411110226;B
20240117;100552;1482.200000000;1;9411110394;B
20240117;100552;1482.600000000;4;9411110395;B
20240117;100554;1482.000000000;1;9411110677;S
20240117;100555;1482.400000000;7;9411110761;B
20240117;100555;1482.400000000;13;9411110762;B
20240117;100556;1482.400000000;11;9411111035;B
20240117;100556;1482.400000000;137;9411111036;S
20240117;100556;1482.000000000;1;9411111069;S
20240117;100557;1482.000000000;191;9411111165;S
20240117;100557;1481.800000000;5;9411111250;S
20240117;100557;1482.000000000;1;9411111285;B
20240117;100558;1481.800000000;1;9411111407;B
20240117;100559;1481.400000000;86;9411111533;S
20240117;100559;1481.400000000;20;9411111534;S
20240117;100559;1481.400000000;20;9411111535;S
20240117;100559;1481.400000000;1;9411111536;S
20240117;100559;1481.400000000;1;9411111537;S
20240117;100600;1481.200000000;312;9411111716;S
20240117;100600;1481.200000000;5;9411111717;S
20240117;100600;1481.200000000;25;9411111718;S
20240117;100600;1481.000000000;20;9411111731;S
20240117;100600;1481.000000000;5;9411111732;S
20240117;100600;1481.200000000;7;9411111821;B
20240117;100600;1481.400000000;8;9411111822;B
20240117;100603;1481.000000000;1;9411112136;B
20240117;100605;1481.200000000;16;9411112443;B
20240117;100605;1481.000000000;7;9411112533;B
20240117;100605;1481.200000000;76;9411112534;B
20240117;100605;1481.600000000;14;9411112535;B
20240117;100605;1481.600000000;25;9411112536;B
20240117;100605;1481.600000000;28;9411112537;B
20240117;100607;1481.800000000;32;9411112777;B
20240117;100607;1481.800000000;68;9411112778;B
20240117;100607;1482.000000000;39;9411112779;B
20240117;100607;1482.000000000;21;9411112780;B
20240117;100607;1482.000000000;10;9411112781;B
20240117;100607;1482.000000000;25;9411112782;B
20240117;100607;1482.000000000;70;9411112783;B
20240117;100607;1482.000000000;7;9411112784;B
20240117;100607;1482.200000000;11;9411112785;B
20240117;100607;1482.200000000;6;9411112786;B
20240117;100607;1482.400000000;11;9411112787;B
20240117;100608;1482.000000000;5;9411112900;B
20240117;100608;1482.000000000;48;9411112901;B
20240117;100608;1482.200000000;25;9411112902;B
20240117;100608;1482.200000000;7;9411112903;B
20240117;100608;1482.400000000;68;9411112904;B
20240117;100608;1482.600000000;452;9411112905;B
20240117;100608;1482.600000000;1;9411112906;B
20240117;100608;1482.600000000;68;9411112907;B
20240117;100608;1482.600000000;53;9411112908;B
20240117;100608;1482.600000000;135;9411112909;B
20240117;100608;1482.600000000;52;9411112910;B
20240117;100608;1482.600000000;70;9411112911;B
20240117;100608;1482.800000000;1;9411112912;B
20240117;100608;1482.800000000;5;9411112913;B
20240117;100608;1482.800000000;15;9411112914;B
20240117;100608;1482.400000000;96;9411112937;B
20240117;100608;1482.600000000;6;9411112938;B
20240117;100608;1482.600000000;68;9411112939;B
20240117;100608;1482.800000000;85;9411112940;B
20240117;100608;1482.800000000;70;9411112941;B
20240117;100608;1482.800000000;25;9411112942;B
20240117;100608;1483.000000000;1;9411112943;B
20240117;100608;1483.000000000;10;9411112944;B
20240117;100608;1483.000000000;1;9411112945;B
20240117;100608;1483.000000000;3;9411112946;B
20240117;100608;1483.000000000;70;9411112947;B
20240117;100608;1483.200000000;20;9411112948;B
20240117;100608;1483.200000000;54;9411112949;B
20240117;100608;1483.200000000;165;9411112950;B
20240117;100608;1483.400000000;4;9411112951;B
20240117;100608;1483.400000000;1;9411112952;B
20240117;100608;1483.400000000;100;9411112953;B
20240117;100608;1483.400000000;54;9411112954;B
20240117;100608;1483.400000000;134;9411112955;B
20240117;100608;1483.400000000;33;9411112956;B
20240117;100609;1483.200000000;10;9411113035;B
20240117;100611;1482.800000000;1;9411113280;S
20240117;100611;1482.800000000;2;9411113311;S
20240117;100611;1482.400000000;68;9411113312;S
20240117;100611;1482.400000000;54;9411113313;S
20240117;100611;1482.400000000;6;9411113314;S
20240117;100611;1482.200000000;54;9411113315;S
20240117;100611;1482.200000000;57;9411113316;S
20240117;100613;1483.000000000;6;9411113531;B
20240117;100613;1483.200000000;2;9411113532;B
20240117;100613;1483.200000000;4;9411113538;B
20240117;100618;1483.000000000;2;9411114263;B
20240117;100624;1482.600000000;10;9411115044;B
20240117;100625;1482.200000000;1;9411115246;S
20240117;100625;1482.600000000;5;9411115273;B
20240117;100632;1482.400000000;6;9411116371;B
20240117;100632;1482.400000000;4;9411116372;B
20240117;100634;1482.600000000;1;9411116590;B
20240117;100636;1482.200000000;1;9411116842;S
20240117;100636;1482.400000000;1;9411116965;B
20240117;100637;1482.200000000;2;9411117064;S
20240117;100640;1482.400000000;1;9411117502;B
20240117;100641;1482.600000000;10;9411117644;B
20240117;100642;1482.200000000;16;9411117777;S
20240117;100642;1482.200000000;50;9411117778;S
20240117;100642;1482.000000000;54;9411117779;S
20240117;100642;1482.000000000;1;9411117780;S
20240117;100642;1482.000000000;50;9411117781;S
20240117;100642;1482.000000000;60;9411117782;S
20240117;100642;1481.800000000;54;9411117783;S
20240117;100642;1481.800000000;134;9411117784;S
20240117;100642;1481.800000000;50;9411117785;S
20240117;100642;1481.800000000;6;9411117786;S
20240117;100642;1481.600000000;54;9411117787;S
20240117;100642;1481.600000000;25;9411117788;S
20240117;100642;1481.600000000;50;9411117789;S
20240117;100642;1481.400000000;70;9411117790;S
20240117;100642;1481.400000000;50;9411117791;S
20240117;100643;1481.200000000;50;9411117890;S
20240117;100643;1481.200000000;135;9411117891;S
20240117;100643;1481.000000000;1;9411117892;S
20240117;100643;1481.000000000;50;9411117893;S
20240117;100643;1481.000000000;53;9411117894;S
20240117;100643;1481.000000000;7;9411117895;S
20240117;100643;1481.000000000;25;9411117896;S
20240117;100643;1480.800000000;1;9411117897;S
20240117;100643;1480.800000000;400;9411117898;S
20240117;100643;1480.800000000;1;9411117899;S
20240117;100643;1480.800000000;53;9411117900;S
20240117;100643;1480.800000000;70;9411117901;S
20240117;100643;1480.600000000;53;9411117902;S
20240117;100643;1480.400000000;30;9411117903;S
20240117;100644;1480.400000000;50;9411118007;B
20240117;100644;1480.400000000;14;9411118017;B
20240117;100645;1480.200000000;3;9411118129;S
20240117;100645;1480.000000000;1;9411118130;S
20240117;100645;1480.000000000;3;9411118131;S
20240117;100645;1480.000000000;1;9411118132;S
20240117;100645;1480.000000000;2;9411118133;S
20240117;100645;1480.000000000;1;9411118162;S
20240117;100645;1480.000000000;20;9411118163;S
20240117;100645;1480.000000000;3;9411118164;S
20240117;100645;1480.000000000;1;9411118165;S
20240117;100645;1480.000000000;1;9411118166;S
20240117;100645;1480.000000000;1;9411118167;S
20240117;100645;1480.000000000;20;9411118168;S
20240117;100645;1480.000000000;1;9411118169;S
20240117;100645;1480.000000000;5;9411118170;S
20240117;100645;1479.800000000;134;9411118171;S
20240117;100645;1479.800000000;7;9411118172;S
20240117;100645;1479.600000000;7;9411118173;S
20240117;100645;1479.600000000;53;9411118174;S
20240117;100645;1479.600000000;33;9411118175;S
20240117;100645;1480.400000000;1;9411118177;B
20240117;100645;1480.400000000;4;9411118268;B
20240117;100645;1480.600000000;7;9411118269;B
20240117;100645;1480.800000000;4;9411118270;B
20240117;100653;1480.800000000;1;9411119143;B
20240117;100655;1480.800000000;75;9411119487;B
20240117;100658;1481.000000000;12;9411120056;B
20240117;100700;1480.800000000;25;9411120359;S
20240117;100700;1480.600000000;25;9411120360;S
20240117;100700;1480.600000000;5;9411120361;S
20240117;100700;1480.600000000;63;9411120386;S
20240117;100700;1480.400000000;25;9411120461;S
20240117;100700;1480.200000000;8;9411120494;S
20240117;100700;1480.400000000;25;9411120552;S
20240117;100701;1480.400000000;25;9411120614;S
20240117;100701;1480.400000000;25;9411120638;S
20240117;100701;1480.400000000;25;9411120694;S
20240117;100703;1480.600000000;1;9411120953;B
20240117;100703;1480.600000000;19;9411120967;B
20240117;100703;1480.600000000;6;9411120968;B
20240117;100703;1480.800000000;5;9411120969;B
20240117;100704;1480.800000000;1;9411121054;B
20240117;100704;1480.800000000;37;9411121093;B
20240117;100707;1481.000000000;1;9411121482;B
20240117;100709;1481.000000000;1;9411121656;B
20240117;100709;1481.000000000;5;9411121724;B
20240117;100711;1480.800000000;7;9411121876;S
20240117;100712;1480.800000000;4;9411122037;S
20240117;100712;1481.000000000;10;9411122079;B
20240117;100716;1481.000000000;4;9411122472;B
20240117;100716;1481.000000000;8;9411122473;B
20240117;100716;1481.000000000;10;9411122524;B
20240117;100717;1481.000000000;3;9411122721;B
20240117;100717;1481.000000000;27;9411122722;B
20240117;100718;1481.000000000;10;9411122892;S
20240117;100718;1481.000000000;29;9411122893;S
20240117;100719;1481.000000000;5;9411123017;S
20240117;100722;1481.400000000;3;9411123437;B
20240117;100723;1481.000000000;8;9411123460;S
20240117;100724;1481.000000000;1;9411123562;S
20240117;100724;1481.000000000;39;9411123661;S
20240117;100724;1481.000000000;25;9411123662;S
20240117;100724;1481.000000000;20;9411123663;S
20240117;100724;1481.000000000;6;9411123664;S
20240117;100724;1481.000000000;5;9411123665;S
20240117;100724;1481.000000000;5;9411123666;S
20240117;100726;1481.000000000;45;9411123830;S
20240117;100726;1481.000000000;25;9411123831;S
20240117;100726;1481.000000000;10;9411123832;S
20240117;100726;1481.000000000;1;9411123887;S
20240117;100728;1481.000000000;5;9411124203;S
20240117;100728;1481.000000000;10;9411124214;S
20240117;100733;1481.400000000;4;9411125050;B
20240117;100734;1481.400000000;1;9411125127;B
20240117;100740;1481.400000000;5;9411126077;B
20240117;100744;1481.400000000;4;9411126536;B
20240117;100746;1481.000000000;28;9411126716;S
20240117;100746;1481.000000000;6;9411126717;S
20240117;100746;1481.200000000;34;9411126789;B
20240117;100747;1481.400000000;3;9411127062;B
20240117;100747;1481.400000000;1;9411127063;B
20240117;100750;1481.800000000;27;9411127304;B
20240117;100750;1482.000000000;2;9411127365;B
20240117;100750;1482.000000000;10;9411127366;B
20240117;100751;1481.800000000;1;9411127513;S
20240117;100751;1482.200000000;1;9411127519;B
20240117;100751;1482.400000000;75;9411127520;B
20240117;100751;1482.400000000;7;9411127521;B
20240117;100751;1482.600000000;2;9411127522;B
20240117;100751;1482.600000000;54;9411127523;B
20240117;100751;1482.600000000;77;9411127524;B
20240117;100751;1482.800000000;50;9411127525;B
20240117;100751;1482.800000000;234;9411127526;B
20240117;100752;1482.800000000;2;9411127705;B
20240117;100754;1482.800000000;2;9411127918;B
20240117;100756;1482.800000000;1;9411128254;B
20240117;100809;1482.800000000;11;9411130305;B
20240117;100809;1482.800000000;32;9411130306;B
20240117;100809;1482.800000000;17;9411130307;B
20240117;100811;1482.200000000;5;9411130593;S
20240117;100812;1482.200000000;1;9411130802;S
20240117;100812;1482.800000000;1;9411130803;B
20240117;100813;1482.200000000;62;9411130966;S
20240117;100813;1482.200000000;6;9411130967;S
20240117;100813;1482.200000000;20;9411130968;S
20240117;100813;1482.000000000;15;9411130969;S
20240117;100815;1482.800000000;1;9411131181;B
20240117;100815;1482.200000000;9;9411131183;S
20240117;100815;1482.200000000;61;9411131184;S
20240117;100818;1482.200000000;5;9411131497;S
20240117;100820;1482.200000000;1;9411131877;S
20240117;100821;1482.600000000;20;9411132014;B
20240117;100825;1482.600000000;5;9411132540;B
20240117;100826;1482.200000000;1;9411132680;S
20240117;100829;1482.600000000;28;9411133059;B
20240117;100829;1482.600000000;27;9411133060;B
20240117;100829;1482.600000000;7;9411133061;B
20240117;100832;1482.600000000;1;9411133328;B
20240117;100832;1482.600000000;60;9411133378;B
20240117;100832;1482.600000000;16;9411133379;B
20240117;100832;1482.600000000;12;9411133380;B
20240117;100832;1482.800000000;12;9411133381;B
20240117;100834;1482.800000000;24;9411133893;B
20240117;100834;1482.800000000;10;9411133894;B
20240117;100834;1482.800000000;50;9411133895;B
20240117;100834;1483.000000000;3;9411133896;B
20240117;100834;1483.000000000;10;9411133897;B
20240117;100834;1483.000000000;3;9411133898;B
20240117;100835;1483.000000000;1;9411133969;B
20240117;100842;1483.000000000;4;9411134692;B
20240117;100844;1483.000000000;3;9411134966;B
20240117;100845;1482.600000000;1;9411135082;S
20240117;100846;1483.000000000;39;9411135129;B
20240117;100846;1483.000000000;10;9411135130;B
20240117;100846;1483.000000000;2;9411135201;S
20240117;100848;1483.200000000;3;9411135416;B
20240117;100852;1483.000000000;20;9411135922;S
20240117;100853;1483.200000000;10;9411135953;B
20240117;100856;1483.000000000;35;9411136356;S
20240117;100857;1483.200000000;1;9411136492;B
20240117;100858;1483.200000000;1;9411136592;B
20240117;100901;1483.000000000;88;9411136969;S
20240117;100901;1483.000000000;1;9411137043;S
20240117;100901;1483.000000000;8;9411137073;S
20240117;100901;1482.800000000;2;9411137074;S
20240117;100904;1483.000000000;10;9411137427;B
20240117;100910;1482.600000000;1;9411138135;S
20240117;100910;1482.600000000;4;9411138136;S
20240117;100910;1482.800000000;1;9411138232;B
20240117;100910;1482.600000000;3;9411138242;S
20240117;100910;1482.600000000;12;9411138243;S
20240117;100910;1482.600000000;5;9411138244;S
20240117;100910;1482.600000000;10;9411138245;S
20240117;100910;1482.400000000;25;9411138246;S
20240117;100911;1483.000000000;10;9411138258;B
20240117;100911;1483.000000000;1;9411138266;B
20240117;100911;1483.000000000;1;9411138392;B
20240117;100913;1482.800000000;1;9411138709;B
20240117;100914;1482.800000000;1;9411138843;B
20240117;100915;1482.400000000;165;9411138914;S
20240117;100915;1482.400000000;10;9411138915;S
20240117;100915;1482.200000000;4;9411138916;S
20240117;100915;1482.200000000;21;9411138917;S
20240117;100916;1482.200000000;4;9411139029;S
20240117;100918;1482.200000000;6;9411139227;S
20240117;100920;1482.600000000;5;9411139399;B
20240117;100920;1482.400000000;6;9411139511;B
20240117;100920;1482.600000000;2;9411139512;B
20240117;100920;1482.600000000;2;9411139513;B
20240117;100925;1482.200000000;1;9411140038;S
20240117;100927;1482.200000000;10;9411140275;B
20240117;100929;1482.200000000;1;9411140477;B
20240117;100930;1482.200000000;2;9411140722;B
20240117;100931;1482.200000000;1;9411140876;B
20240117;100932;1482.000000000;1;9411140952;S
20240117;100932;1482.000000000;7;9411140953;S
20240117;100932;1482.000000000;1;9411140954;S
20240117;100932;1482.000000000;91;9411140955;S
20240117;100935;1482.400000000;6;9411141350;B
20240117;100935;1482.400000000;24;9411141351;B
20240117;100936;1482.000000000;594;9411141469;S
20240117;100936;1482.000000000;25;9411141470;S
20240117;100936;1482.000000000;1;9411141471;S
20240117;100936;1481.800000000;5;9411141472;S
20240117;100936;1481.800000000;3;9411141473;S
20240117;100936;1481.800000000;100;9411141474;S
20240117;100936;1481.800000000;134;9411141475;S
20240117;100936;1481.800000000;6;9411141476;S
20240117;100936;1481.600000000;100;9411141477;S
20240117;100936;1481.600000000;53;9411141478;S
20240117;100936;1481.600000000;4;9411141479;S
20240117;100936;1481.600000000;100;9411141480;S
20240117;100936;1481.600000000;110;9411141481;S
20240117;100936;1481.400000000;814;9411141482;S
20240117;100937;1482.400000000;10;9411141574;B
20240117;100937;1482.000000000;1;9411141601;S
20240117;100941;1481.400000000;2;9411142006;S
20240117;100944;1481.600000000;2;9411142337;B
20240117;100944;1481.800000000;1;9411142388;B
20240117;100949;1481.400000000;6;9411143051;S
20240117;100950;1481.400000000;3;9411143062;S
20240117;100950;1481.600000000;1;9411143080;B
20240117;100950;1481.600000000;1;9411143081;B
20240117;100950;1481.400000000;1;9411143148;S
20240117;100951;1481.800000000;3;9411143192;B
20240117;100951;1481.800000000;5;9411143193;B
20240117;100952;1481.800000000;1;9411143298;B
20240117;100953;1481.400000000;5;9411143436;S
20240117;100953;1481.400000000;55;9411143437;S
20240117;100954;1481.200000000;6;9411143475;B
20240117;100954;1481.400000000;4;9411143476;B
20240117;100954;1481.000000000;5;9411143488;S
20240117;100954;1481.000000000;1;9411143489;S
20240117;100957;1481.000000000;9;9411143979;S
20240117;100957;1481.000000000;3;9411143980;S
20240117;100957;1481.000000000;1;9411143981;S
20240117;100958;1481.200000000;5;9411144145;B
20240117;101000;1481.000000000;1;9411144429;S
20240117;101000;1481.200000000;6;9411144442;B
20240117;101000;1481.400000000;27;9411144443;B
20240117;101003;1481.000000000;50;9411144775;S
20240117;101004;1481.200000000;1;9411144872;B
20240117;101004;1480.800000000;5;9411144876;S
20240117;101007;1481.000000000;1;9411145219;B
20240117;101010;1481.000000000;5;9411145589;B
20240117;101010;1481.000000000;70;9411145716;B
20240117;101010;1481.000000000;1;9411145721;B
20240117;101010;1481.000000000;20;9411145744;B
20240117;101015;1481.000000000;1;9411146264;B
20240117;101016;1480.800000000;147;9411146409;S
20240117;101016;1480.800000000;15;9411146410;S
20240117;101016;1480.800000000;10;9411146411;S
20240117;101016;1480.800000000;1;9411146412;S
20240117;101021;1480.600000000;3;9411147208;B
20240117;101024;1480.400000000;3;9411147557;S
20240117;101024;1480.400000000;54;9411147558;S
20240117;101024;1480.200000000;53;9411147575;S
20240117;101024;1480.200000000;54;9411147576;S
20240117;101026;1480.400000000;3;9411147715;B
20240117;101027;1480.600000000;1;9411147834;B
20240117;101031;1480.000000000;29;9411148222;S
20240117;101032;1480.600000000;6;9411148354;B
20240117;101032;1480.800000000;68;9411148355;B
20240117;101032;1480.800000000;20;9411148356;B
20240117;101032;1481.000000000;122;9411148357;B
20240117;101032;1481.000000000;2;9411148358;B
20240117;101032;1481.000000000;25;9411148359;B
20240117;101032;1481.000000000;70;9411148360;B
20240117;101035;1481.000000000;230;9411148684;S
20240117;101035;1481.000000000;400;9411148729;S
20240117;101039;1481.200000000;2;9411149066;S
20240117;101041;1481.600000000;1;9411149362;B
20240117;101047;1481.400000000;2;9411149890;B
20240117;101047;1481.200000000;10;9411149917;S
20240117;101047;1481.400000000;6;9411149934;B
20240117;101053;1481.400000000;50;9411150751;B
20240117;101054;1481.400000000;1;9411151041;B
20240117;101054;1481.200000000;1;9411151072;S
20240117;101057;1481.200000000;3;9411151334;S
20240117;101057;1481.200000000;1;9411151396;S
20240117;101058;1481.400000000;2;9411151522;B
20240117;101100;1481.200000000;8;9411151700;S
20240117;101104;1481.400000000;8;9411152223;B
20240117;101104;1481.600000000;2;9411152224;B
20240117;101107;1481.400000000;1;9411152501;B
20240117;101107;1481.400000000;1;9411152502;B
20240117;101107;1481.400000000;2;9411152503;B
20240117;101122;1481.400000000;5;9411154849;S
20240117;101123;1481.400000000;9;9411154884;S
20240117;101123;1481.600000000;1;9411154890;B
20240117;101125;1481.600000000;1;9411155317;B
20240117;101125;1481.600000000;4;9411155318;B
20240117;101125;1481.400000000;40;9411155319;S
20240117;101125;1481.400000000;25;9411155320;S
20240117;101125;1481.400000000;1;9411155321;S
20240117;101125;1481.400000000;1;9411155322;S
20240117;101125;1481.400000000;20;9411155323;S
20240117;101125;1481.400000000;68;9411155324;S
20240117;101131;1481.600000000;2;9411155800;B
20240117;101131;1481.400000000;53;9411155801;S
20240117;101131;1481.400000000;25;9411155802;S
20240117;101131;1481.400000000;14;9411155803;S
20240117;101132;1481.400000000;1;9411155904;B
20240117;101134;1481.400000000;2;9411156087;B
20240117;101134;1481.400000000;60;9411156110;B
20240117;101138;1481.200000000;3;9411156435;S
20240117;101138;1481.200000000;4;9411156467;S
20240117;101139;1481.400000000;3;9411156524;B
20240117;101139;1481.200000000;10;9411156583;S
20240117;101140;1481.400000000;11;9411156670;B
20240117;101141;1481.400000000;1;9411156808;B
20240117;101145;1481.400000000;1;9411157146;B
20240117;101148;1481.400000000;2;9411157493;B
20240117;101148;1481.400000000;1;9411157535;B
20240117;101150;1481.200000000;958;9411157951;S
20240117;101150;1481.200000000;10;9411157952;S
20240117;101150;1481.200000000;10;9411157953;S
20240117;101150;1481.200000000;25;9411157954;S
20240117;101150;1481.000000000;57;9411157955;S
20240117;101150;1481.000000000;1;9411157956;S
20240117;101150;1481.000000000;1;9411157957;S
20240117;101150;1480.800000000;8;9411157958;S
20240117;101151;1480.600000000;1;9411158109;S
20240117;101151;1480.600000000;9;9411158110;S
20240117;101151;1480.600000000;27;9411158111;S
20240117;101153;1480.400000000;53;9411158284;S
20240117;101153;1480.400000000;25;9411158285;S
20240117;101153;1480.400000000;25;9411158287;S
20240117;101154;1480.400000000;1;9411158474;S
20240117;101201;1480.800000000;1;9411159404;B
20240117;101202;1480.800000000;10;9411159487;S
20240117;101205;1480.200000000;49;9411159809;S
20240117;101218;1480.200000000;14;9411161311;S
20240117;101220;1480.800000000;14;9411161627;B
20240117;101230;1480.200000000;7;9411163032;S
20240117;101230;1480.200000000;1;9411163033;S
20240117;101230;1480.200000000;400;9411163034;S
20240117;101230;1480.200000000;1;9411163035;S
20240117;101230;1480.200000000;135;9411163036;S
20240117;101230;1480.000000000;21;9411163037;S
20240117;101230;1480.000000000;2;9411163038;S
20240117;101230;1480.000000000;3;9411163039;S
20240117;101230;1480.000000000;1;9411163040;S
20240117;101230;1480.000000000;7;9411163041;S
20240117;101230;1480.000000000;2;9411163042;S
20240117;101230;1480.000000000;80;9411163043;S
20240117;101230;1480.000000000;10;9411163044;S
20240117;101230;1480.000000000;1;9411163045;S
20240117;101230;1479.800000000;1;9411163047;S
20240117;101230;1479.800000000;100;9411163048;S
20240117;101231;1480.000000000;26;9411163095;B
20240117;101231;1480.200000000;2;9411163107;B
20240117;101240;1480.000000000;1;9411164158;B
20240117;101241;1479.600000000;1;9411164220;S
20240117;101244;1480.000000000;10;9411164882;B
20240117;101247;1480.000000000;1;9411165168;B
20240117;101249;1480.000000000;1;9411165475;B
20240117;101257;1479.600000000;27;9411166460;B
20240117;101257;1480.000000000;8;9411166461;B
20240117;101257;1480.000000000;5;9411166462;B
20240117;101257;1480.200000000;100;9411166463;B
20240117;101257;1480.400000000;160;9411166464;B
20240117;101258;1480.000000000;1;9411166609;S
20240117;101259;1480.200000000;1;9411166767;B
20240117;101301;1480.400000000;1;9411166981;B
20240117;101304;1480.000000000;4;9411167256;B
20240117;101306;1479.800000000;1;9411167481;B
20240117;101313;1479.800000000;8;9411168071;B
20240117;101313;1480.000000000;57;9411168072;B
20240117;101318;1479.800000000;8;9411168711;B
20240117;101318;1480.000000000;39;9411168712;B
20240117;101318;1480.000000000;12;9411168713;B
20240117;101318;1480.000000000;11;9411168758;B
20240117;101319;1480.000000000;10;9411168793;B
20240117;101319;1480.000000000;917;9411168850;B
20240117;101319;1480.000000000;2;9411168851;B
20240117;101319;1480.000000000;25;9411168852;B
20240117;101321;1480.400000000;4;9411168974;B
20240117;101326;1480.200000000;4;9411169661;S
20240117;101326;1480.000000000;5;9411169662;S
20240117;101326;1480.000000000;8;9411169663;S
20240117;101326;1479.800000000;68;9411169664;S
20240117;101326;1479.800000000;64;9411169665;S
20240117;101326;1479.600000000;1;9411169666;S
20240117;101328;1480.400000000;1;9411169846;B
20240117;101329;1480.000000000;1;9411169972;S
20240117;101329;1479.800000000;59;9411169973;S
20240117;101329;1480.200000000;10;9411170016;B
20240117;101347;1479.800000000;2;9411171982;B
20240117;101348;1479.800000000;7;9411172066;B
20240117;101358;1479.800000000;3;9411173196;B
20240117;101400;1479.800000000;1;9411173433;B
20240117;101405;1479.800000000;5;9411173853;B
20240117;101405;1479.800000000;8;9411173854;B
20240117;101405;1479.800000000;2;9411173855;B
20240117;101405;1479.800000000;14;9411173856;B
20240117;101405;1479.800000000;1;9411173857;B
20240117;101406;1479.600000000;49;9411173963;S
20240117;101406;1479.400000000;1;9411173964;S
20240117;101406;1479.400000000;10;9411173965;S
20240117;101406;1479.400000000;2;9411173966;S
20240117;101406;1479.400000000;36;9411173967;S
20240117;101406;1479.400000000;37;9411173968;S
20240117;101406;1479.200000000;2;9411173969;S
20240117;101406;1479.200000000;3;9411173970;S
20240117;101406;1479.200000000;2;9411173971;S
20240117;101406;1479.200000000;100;9411173972;S
20240117;101406;1479.200000000;1;9411173973;S
20240117;101406;1479.200000000;2;9411173974;S
20240117;101406;1479.200000000;25;9411173975;S
20240117;101406;1479.200000000;1;9411173976;S
20240117;101406;1479.200000000;135;9411173977;S
20240117;101406;1479.200000000;8;9411173978;S
20240117;101406;1479.000000000;1;9411173979;S
20240117;101406;1479.000000000;1;9411173980;S
20240117;101406;1479.000000000;3;9411173981;S
20240117;101406;1479.000000000;1;9411173982;S
20240117;101406;1479.000000000;580;9411173983;S
20240117;101406;1479.000000000;5;9411174177;S
20240117;101419;1479.400000000;3;9411175782;B
20240117;101421;1479.600000000;3;9411176055;B
20240117;101427;1479.600000000;8;9411176718;B
20240117;101427;1479.800000000;2;9411176719;B
20240117;101429;1479.400000000;1;9411177003;B
20240117;101433;1479.000000000;165;9411177451;S
20240117;101433;1479.000000000;10;9411177452;S
20240117;101433;1479.000000000;2;9411177453;S
20240117;101433;1478.800000000;25;9411177454;S
20240117;101433;1478.800000000;20;9411177455;S
20240117;101433;1478.800000000;2;9411177456;S
20240117;101433;1478.800000000;8;9411177457;S
20240117;101433;1478.600000000;1;9411177458;S
20240117;101433;1478.600000000;1;9411177459;S
20240117;101433;1478.600000000;500;9411177460;S
20240117;101433;1478.600000000;54;9411177461;S
20240117;101433;1478.600000000;16;9411177462;S
20240117;101433;1478.400000000;54;9411177463;S
20240117;101433;1478.400000000;70;9411177464;S
20240117;101433;1478.200000000;1;9411177465;S
20240117;101433;1478.200000000;300;9411177466;S
20240117;101433;1478.200000000;54;9411177467;S
20240117;101433;1478.000000000;135;9411177468;S
20240117;101433;1477.800000000;30;9411177469;S
20240117;101433;1477.800000000;3;9411177470;S
20240117;101433;1477.800000000;3;9411177471;S
20240117;101433;1477.800000000;5;9411177472;S
20240117;101433;1477.600000000;5;9411177473;S
20240117;101433;1477.600000000;68;9411177474;S
20240117;101433;1477.400000000;268;9411177475;S
20240117;101433;1478.200000000;8;9411177477;S
20240117;101435;1477.800000000;24;9411177668;S
20240117;101435;1477.600000000;70;9411177669;S
20240117;101435;1477.400000000;8;9411177670;S
20240117;101435;1477.200000000;1;9411177671;S
20240117;101435;1477.200000000;1;9411177672;S
20240117;101435;1477.000000000;1;9411177673;S
20240117;101435;1477.000000000;1;9411177674;S
20240117;101435;1477.000000000;54;9411177675;S
20240117;101435;1477.000000000;135;9411177676;S
20240117;101435;1477.000000000;25;9411177677;S
20240117;101435;1476.800000000;1;9411177678;S
20240117;101435;1476.800000000;54;9411177679;S
20240117;101435;1476.600000000;55;9411177680;S
20240117;101435;1476.600000000;54;9411177681;S
20240117;101435;1476.600000000;10;9411177682;S
20240117;101435;1476.600000000;272;9411177683;S
20240117;101435;1476.400000000;1;9411177684;S
20240117;101435;1476.400000000;3;9411177685;S
20240117;101435;1476.400000000;200;9411177686;S
20240117;101435;1476.400000000;1;9411177687;S
20240117;101435;1476.400000000;2;9411177688;S
20240117;101435;1476.400000000;700;9411177689;S
20240117;101435;1476.200000000;4;9411177690;S
20240117;101435;1476.200000000;25;9411177691;S
20240117;101435;1476.000000000;10;9411177692;S
20240117;101435;1476.000000000;5;9411177693;S
20240117;101435;1476.000000000;50;9411177694;S
20240117;101435;1476.000000000;1;9411177695;S
20240117;101435;1475.800000000;22;9411177696;S
20240117;101435;1475.800000000;10;9411177697;S
20240117;101436;1477.400000000;8;9411177726;B
20240117;101436;1477.200000000;1;9411177769;S
20240117;101440;1477.400000000;1;9411178378;B
20240117;101442;1477.400000000;1;9411178528;B
20240117;101443;1477.400000000;27;9411178602;B
20240117;101444;1477.400000000;5;9411178707;B
20240117;101446;1477.400000000;7;9411178943;B
20240117;101450;1477.200000000;99;9411179506;S
20240117;101450;1477.200000000;4;9411179507;S
20240117;101450;1477.000000000;8;9411179508;S
20240117;101450;1476.800000000;8;9411179509;S
20240117;101453;1476.600000000;3;9411179890;S
20240117;101456;1476.600000000;5;9411180212;S
20240117;101458;1477.600000000;1;9411180335;B
20240117;101500;1477.600000000;53;9411180593;B
20240117;101500;1477.600000000;108;9411180594;B
20240117;101500;1477.600000000;25;9411180595;B
20240117;101500;1477.600000000;7;9411180596;B
20240117;101500;1477.600000000;16;9411180597;B
20240117;101500;1477.800000000;54;9411180598;B
20240117;101500;1477.800000000;37;9411180599;B
20240117;101502;1476.600000000;40;9411181004;S
20240117;101502;1476.600000000;1;9411181106;S
20240117;101504;1476.600000000;1;9411181390;S
20240117;101508;1476.800000000;1;9411182323;B
20240117;101512;1476.800000000;3;9411183084;B
20240117;101512;1476.800000000;7;9411183115;B
20240117;101512;1477.000000000;43;9411183116;B
20240117;101512;1477.000000000;1;9411183136;B
20240117;101513;1477.000000000;10;9411183344;B
20240117;101513;1477.200000000;135;9411183345;B
20240117;101513;1477.200000000;54;9411183346;B
20240117;101513;1477.200000000;153;9411183347;B
20240117;101513;1477.200000000;25;9411183348;B
20240117;101513;1477.200000000;17;9411183349;B
20240117;101513;1477.400000000;5000;9411183350;B
20240117;101513;1477.400000000;54;9411183351;B
20240117;101513;1477.400000000;75;9411183352;B
20240117;101513;1477.400000000;7;9411183353;B
20240117;101520;1478.400000000;4;9411184725;B
20240117;101520;1478.400000000;6;9411184726;B
20240117;101526;1479.000000000;1;9411185785;B
20240117;101529;1478.000000000;7;9411186345;S
20240117;101529;1478.000000000;1;9411186346;S
20240117;101529;1477.800000000;12;9411186347;S
20240117;101531;1479.000000000;1;9411186626;B
20240117;101531;1479.000000000;23;9411186659;B
20240117;101531;1479.000000000;33;9411186660;B
20240117;101532;1479.000000000;7;9411186826;S
20240117;101537;1479.000000000;1;9411187944;S
20240117;101543;1479.200000000;50;9411188718;B
20240117;101545;1479.200000000;10;9411189008;B
20240117;101546;1479.000000000;1;9411189205;S
20240117;101547;1479.200000000;1;9411189217;B
20240117;101548;1479.200000000;1;9411189423;B
20240117;101548;1479.200000000;1;9411189463;B
20240117;101549;1479.200000000;1;9411189606;B
20240117;101553;1479.200000000;1;9411190243;B
20240117;101554;1479.200000000;1;9411190289;B
20240117;101604;1479.000000000;3;9411191753;S
20240117;101604;1479.200000000;5;9411191844;B
20240117;101607;1479.000000000;25;9411192267;S
20240117;101607;1479.200000000;1;9411192386;B
20240117;101609;1479.200000000;10;9411192569;B
20240117;101609;1479.200000000;3;9411192672;B
20240117;101609;1479.200000000;52;9411192680;B
20240117;101611;1479.000000000;3;9411192989;S
20240117;101612;1479.000000000;25;9411193044;S
20240117;101614;1479.200000000;1;9411193517;B
20240117;101615;1479.000000000;4;9411193620;S
20240117;101615;1479.200000000;6;9411193622;B
20240117;101616;1479.200000000;1;9411193857;B
20240117;101617;1479.200000000;3;9411194033;B
20240117;101617;1479.200000000;10;9411194078;B
20240117;101622;1479.000000000;5;9411195005;S
20240117;101623;1479.200000000;1;9411195284;B
20240117;101624;1479.200000000;2;9411195515;B
20240117;101626;1479.200000000;2;9411195961;B
20240117;101626;1479.200000000;18;9411195980;B
20240117;101626;1479.200000000;6;9411196088;B
20240117;101630;1479.200000000;4;9411196699;B
20240117;101631;1479.000000000;1;9411196849;S
20240117;101634;1479.200000000;1;9411197303;B
20240117;101635;1479.000000000;4;9411197524;S
20240117;101638;1479.000000000;2;9411198303;S
20240117;101638;1479.200000000;5;9411198411;B
20240117;101640;1479.200000000;5;9411198585;B
20240117;101641;1479.200000000;3;9411198758;B
20240117;101641;1479.200000000;1;9411198840;B
20240117;101643;1479.200000000;4;9411199118;B
20240117;101643;1479.200000000;6;9411199119;B
20240117;101644;1479.000000000;2;9411199252;S
20240117;101647;1479.200000000;1;9411199665;B
20240117;101648;1479.200000000;1;9411199864;B
20240117;101648;1479.200000000;3;9411199916;B
20240117;101649;1479.000000000;11;9411200065;S
20240117;101651;1479.200000000;2;9411200207;B
20240117;101651;1479.200000000;5;9411200208;B
20240117;101651;1479.400000000;28;9411200209;B
20240117;101651;1479.400000000;3;9411200210;B
20240117;101651;1479.400000000;5;9411200211;B
20240117;101651;1479.400000000;7;9411200212;B
20240117;101651;1479.400000000;12;9411200213;B
20240117;101651;1479.600000000;54;9411200214;B
20240117;101651;1479.600000000;25;9411200215;B
20240117;101651;1479.600000000;5;9411200216;B
20240117;101651;1479.600000000;22;9411200217;B
20240117;101651;1479.800000000;5;9411200290;B
20240117;101651;1479.800000000;25;9411200291;B
20240117;101651;1480.000000000;70;9411200292;B
20240117;101653;1479.800000000;4;9411200555;B
20240117;101657;1479.800000000;6;9411201417;B
20240117;101657;1479.800000000;4;9411201418;B
20240117;101701;1479.800000000;1;9411202005;B
20240117;101706;1479.800000000;5;9411203116;B
20240117;101706;1479.800000000;15;9411203118;B
20240117;101706;1479.800000000;3;9411203119;B
20240117;101706;1479.800000000;1;9411203120;B
20240117;101706;1480.000000000;2;9411203175;B
20240117;101707;1479.800000000;3;9411203398;S
20240117;101708;1480.000000000;1;9411203401;B
20240117;101708;1480.000000000;20;9411203441;B
20240117;101708;1480.000000000;7;9411203583;B
20240117;101708;1480.000000000;4;9411203584;B
20240117;101712;1480.000000000;2;9411204092;B
20240117;101712;1480.000000000;2;9411204093;B
20240117;101716;1479.800000000;7;9411204640;S
20240117;101716;1479.400000000;7;9411204641;S
20240117;101716;1479.200000000;6;9411204642;S
20240117;101720;1479.800000000;5;9411205588;B
20240117;101724;1479.600000000;1;9411206288;B
20240117;101731;1479.600000000;1;9411207367;B
20240117;101731;1479.600000000;1;9411207515;B
20240117;101744;1479.400000000;40;9411209810;B
20240117;101744;1479.400000000;3;9411209922;B
20240117;101745;1479.200000000;2;9411209969;S
20240117;101745;1479.400000000;6;9411209988;B
20240117;101748;1479.400000000;1;9411210503;B
20240117;101750;1479.400000000;3;9411210945;B
20240117;101751;1479.200000000;1;9411211001;S
20240117;101751;1479.400000000;3;9411211005;B
20240117;101751;1479.400000000;1;9411211010;B
20240117;101752;1479.200000000;1;9411211200;S
20240117;101752;1479.400000000;1;9411211280;B
20240117;101754;1479.200000000;1;9411211502;S
20240117;101759;1479.400000000;3;9411212289;B
20240117;101759;1479.400000000;2;9411212353;B
20240117;101801;1479.400000000;1;9411212630;B
20240117;101804;1479.200000000;1;9411213335;S
20240117;101810;1479.200000000;1;9411214211;S
20240117;101810;1479.400000000;2;9411214320;B
20240117;101812;1479.400000000;2;9411214511;B
20240117;101812;1479.400000000;1;9411214572;B
20240117;101813;1479.400000000;30;9411214711;B
20240117;101813;1479.200000000;193;9411214788;S
20240117;101813;1479.200000000;1;9411214789;S
20240117;101813;1479.200000000;67;9411214790;S
20240117;101813;1479.200000000;1;9411214791;S
20240117;101813;1479.200000000;7;9411214792;S
20240117;101813;1479.200000000;10;9411214793;S
20240117;101813;1479.000000000;4;9411214794;S
20240117;101813;1479.000000000;1;9411214795;S
20240117;101813;1479.000000000;1;9411214796;S
20240117;101813;1479.000000000;10;9411214797;S
20240117;101813;1479.000000000;4;9411214798;S
20240117;101814;1479.400000000;1;9411214884;B
20240117;101824;1479.000000000;96;9411216259;S
20240117;101824;1479.000000000;10;9411216260;S
20240117;101824;1479.000000000;7;9411216261;S
20240117;101825;1478.800000000;1;9411216417;B
20240117;101825;1478.800000000;10;9411216603;B
20240117;101826;1478.800000000;13;9411216726;B
20240117;101826;1478.800000000;1;9411216728;B
20240117;101826;1479.000000000;9;9411216729;B
20240117;101826;1479.000000000;1;9411216759;B
20240117;101826;1478.800000000;20;9411216795;B
20240117;101827;1478.600000000;5;9411216806;S
20240117;101827;1478.800000000;5;9411216971;B
20240117;101827;1479.000000000;5;9411216972;B
20240117;101828;1478.800000000;3;9411217144;B
20240117;101829;1478.800000000;1;9411217255;B
20240117;101832;1479.000000000;10;9411217706;B
20240117;101839;1479.000000000;1;9411219185;B
20240117;101839;1479.000000000;2;9411219374;B
20240117;101842;1479.000000000;1;9411219960;B
20240117;101845;1478.800000000;1;9411220740;S
20240117;101846;1479.000000000;2;9411220790;B
20240117;101847;1479.000000000;1;9411221025;B
20240117;101851;1479.000000000;10;9411222140;B
20240117;101851;1479.000000000;14;9411222196;B
20240117;101852;1479.000000000;1;9411222422;B
20240117;101857;1478.800000000;1;9411223595;S
20240117;101857;1478.800000000;1;9411223596;S
20240117;101857;1478.800000000;10;9411223597;S
20240117;101857;1478.600000000;2;9411223598;S
20240117;101859;1478.600000000;1;9411223945;S
20240117;101902;1479.000000000;1;9411224578;B
20240117;101904;1479.000000000;100;9411225126;B
20240117;101905;1479.000000000;229;9411225314;B
20240117;101905;1479.000000000;19;9411225315;B
20240117;101905;1479.000000000;30;9411225316;B
20240117;101915;1479.600000000;1;9411227446;B
20240117;101917;1479.600000000;1;9411227745;B
20240117;101917;1479.000000000;2;9411227756;S
20240117;101918;1479.000000000;20;9411227976;S
20240117;101921;1479.400000000;1;9411228422;B
20240117;101927;1479.600000000;20;9411229660;B
20240117;101927;1479.000000000;4;9411229751;S
20240117;101927;1479.600000000;1;9411229804;B
20240117;101928;1479.400000000;7;9411229957;B
20240117;101928;1479.600000000;3;9411229958;B
20240117;101928;1479.600000000;1;9411229967;B
20240117;101928;1479.600000000;1;9411229968;B
20240117;101929;1479.600000000;3;9411230120;B
20240117;101929;1479.600000000;1;9411230191;B
20240117;101936;1479.600000000;5;9411231205;B
20240117;101938;1479.600000000;5;9411231456;B
20240117;101940;1479.400000000;1;9411231753;S
20240117;101950;1479.200000000;4;9411232922;B
20240117;101958;1479.000000000;16;9411234129;S
20240117;101959;1479.000000000;2;9411234236;S
20240117;102001;1479.200000000;1;9411234463;B
20240117;102006;1479.400000000;2;9411235159;B
20240117;102007;1479.400000000;10;9411235442;B
20240117;102008;1479.000000000;2;9411235555;S
20240117;102008;1479.000000000;2;9411235556;S
20240117;102008;1479.000000000;1;9411235557;S
20240117;102008;1479.000000000;10;9411235558;S
20240117;102022;1479.000000000;6;9411238476;S
20240117;102023;1479.200000000;1;9411238522;B
20240117;102024;1479.000000000;2;9411238714;S
20240117;102025;1479.200000000;4;9411238978;B
20240117;102025;1479.200000000;7;9411238979;B
20240117;102025;1479.200000000;14;9411238980;B
20240117;102030;1479.400000000;237;9411240001;B
20240117;102030;1479.400000000;25;9411240002;B
20240117;102030;1479.400000000;7;9411240003;B
20240117;102030;1479.600000000;25;9411240004;B
20240117;102030;1479.600000000;6;9411240005;B
20240117;102030;1479.600000000;50;9411240006;B
20240117;102030;1479.600000000;46;9411240007;B
20240117;102030;1479.800000000;90;9411240008;B
20240117;102030;1479.800000000;700;9411240009;B
20240117;102030;1479.800000000;54;9411240010;B
20240117;102030;1479.800000000;70;9411240011;B
20240117;102030;1479.800000000;135;9411240012;B
20240117;102030;1480.000000000;550;9411240013;B
20240117;102030;1480.000000000;54;9411240014;B
20240117;102030;1480.000000000;10;9411240015;B
20240117;102030;1480.000000000;70;9411240016;B
20240117;102030;1480.200000000;1;9411240017;B
20240117;102030;1480.200000000;3;9411240018;B
20240117;102030;1480.200000000;54;9411240019;B
20240117;102030;1480.400000000;34;9411240020;B
20240117;102030;1480.400000000;3;9411240021;B
20240117;102030;1480.400000000;3;9411240022;B
20240117;102030;1480.800000000;700;9411240023;B
20240117;102030;1481.000000000;272;9411240024;B
20240117;102030;1481.200000000;10;9411240025;B
20240117;102030;1481.200000000;700;9411240026;B
20240117;102030;1481.200000000;22;9411240027;B
20240117;102030;1481.400000000;569;9411240028;B
20240117;102030;1481.200000000;2;9411240038;B
20240117;102030;1480.400000000;54;9411240081;S
20240117;102030;1480.400000000;7;9411240082;S
20240117;102030;1480.400000000;13;9411240083;S
20240117;102040;1480.600000000;68;9411241441;S
20240117;102040;1480.600000000;7;9411241442;S
20240117;102040;1480.400000000;25;9411241443;S
20240117;102043;1481.200000000;1;9411241868;B
20240117;102045;1480.600000000;1;9411242271;S
20240117;102046;1480.600000000;1;9411242365;S
20240117;102046;1481.200000000;5;9411242414;B
20240117;102046;1481.400000000;4;9411242415;B
20240117;102046;1481.400000000;22;9411242416;B
20240117;102052;1481.400000000;2;9411243398;B
20240117;102056;1481.400000000;1;9411243826;B
20240117;102057;1481.400000000;1;9411243912;B
20240117;102058;1481.400000000;1;9411244052;B
20240117;102058;1481.400000000;3;9411244053;B
20240117;102058;1481.200000000;1;9411244098;S
20240117;102100;1481.400000000;3;9411244314;B
20240117;102100;1481.400000000;5;9411244337;B
20240117;102101;1480.600000000;1;9411244390;S
20240117;102102;1480.600000000;1;9411244543;S
20240117;102108;1481.400000000;17;9411245318;B
20240117;102108;1481.600000000;46;9411245319;B
20240117;102111;1480.800000000;68;9411245640;S
20240117;102111;1480.600000000;6;9411245641;S
20240117;102111;1480.600000000;114;9411245642;S
20240117;102111;1480.400000000;190;9411245643;S
20240117;102111;1480.400000000;25;9411245644;S
20240117;102111;1480.200000000;54;9411245645;S
20240117;102111;1480.200000000;135;9411245646;S
20240117;102111;1480.000000000;54;9411245647;S
20240117;102111;1480.000000000;1;9411245648;S
20240117;102111;1480.000000000;50;9411245649;S
20240117;102111;1479.800000000;272;9411245650;S
20240117;102111;1479.800000000;70;9411245651;S
20240117;102111;1479.800000000;54;9411245652;S
20240117;102111;1479.600000000;700;9411245653;S
20240117;102111;1479.400000000;13;9411245654;S
20240117;102111;1479.400000000;5;9411245655;S
20240117;102111;1479.400000000;16;9411245656;S
20240117;102111;1479.200000000;700;9411245657;S
20240117;102111;1479.000000000;2;9411245658;S
20240117;102111;1479.000000000;1;9411245659;S
20240117;102111;1479.000000000;70;9411245660;S
20240117;102121;1479.600000000;1;9411247076;B
20240117;102127;1479.600000000;2;9411247880;B
20240117;102131;1479.600000000;23;9411248940;B
20240117;102131;1479.600000000;14;9411248941;B
20240117;102132;1479.600000000;5;9411248993;B
20240117;102134;1479.600000000;7;9411249511;B
20240117;102135;1479.600000000;2;9411249661;B
20240117;102137;1479.200000000;6;9411250099;S
20240117;102137;1479.000000000;18;9411250100;S
20240117;102137;1479.000000000;1;9411250101;S
20240117;102137;1479.000000000;1;9411250102;S
20240117;102137;1479.000000000;4;9411250103;S
20240117;102137;1479.000000000;135;9411250104;S
20240117;102137;1479.000000000;3;9411250105;S
20240117;102137;1479.000000000;100;9411250106;S
20240117;102137;1479.000000000;2;9411250107;S
20240117;102137;1479.000000000;6;9411250108;S
20240117;102137;1479.000000000;5;9411250109;S
20240117;102137;1479.000000000;1;9411250110;S
20240117;102137;1479.000000000;1;9411250111;S
20240117;102137;1478.600000000;12;9411250112;S
20240117;102137;1478.600000000;25;9411250113;S
20240117;102137;1478.600000000;68;9411250114;S
20240117;102137;1478.400000000;34;9411250115;S
20240117;102137;1478.400000000;78;9411250116;S
20240117;102138;1479.400000000;25;9411250277;B
20240117;102138;1479.400000000;29;9411250278;B
20240117;102143;1479.400000000;7;9411251224;B
20240117;102143;1479.400000000;25;9411251225;B
20240117;102143;1479.600000000;1;9411251226;B
20240117;102143;1479.600000000;21;9411251227;B
20240117;102144;1479.000000000;2;9411251246;S
20240117;102147;1479.600000000;4;9411251745;B
20240117;102147;1479.600000000;3;9411251746;B
20240117;102155;1479.600000000;1;9411253322;B
20240117;102155;1479.600000000;2;9411253357;B
20240117;102157;1479.600000000;1;9411253877;B
20240117;102201;1479.600000000;1;9411254562;B
20240117;102203;1479.400000000;1;9411255041;S
20240117;102203;1479.200000000;7;9411255042;S
20240117;102203;1479.000000000;1;9411255043;S
20240117;102203;1479.000000000;35;9411255044;S
20240117;102203;1479.000000000;76;9411255045;S
20240117;102204;1479.000000000;2;9411255158;S
20240117;102216;1479.000000000;1;9411257508;S
20240117;102219;1479.000000000;250;9411258265;S
20240117;102222;1479.200000000;16;9411258858;B
20240117;102224;1479.200000000;27;9411259339;B
20240117;102224;1479.400000000;13;9411259340;B
20240117;102229;1479.200000000;1;9411260391;B
20240117;102229;1479.200000000;1;9411260593;B
20240117;102231;1479.200000000;1;9411260795;B
20240117;102231;1479.200000000;2;9411260967;B
20240117;102232;1479.200000000;1;9411261093;B
20240117;102232;1479.200000000;1;9411261115;B
20240117;102232;1479.200000000;24;9411261274;B
20240117;102233;1479.200000000;2;9411261416;B
20240117;102233;1479.200000000;2;9411261417;B
20240117;102234;1479.200000000;1;9411261551;B
20240117;102234;1479.200000000;1;9411261553;B
20240117;102234;1479.200000000;2;9411261583;B
20240117;102235;1479.200000000;2;9411261746;B
20240117;102235;1479.200000000;68;9411261748;S
20240117;102235;1479.200000000;1;9411261757;B
20240117;102235;1479.200000000;1;9411261847;B
20240117;102235;1479.000000000;3;9411261896;S
20240117;102236;1479.200000000;1;9411261954;B
20240117;102236;1479.200000000;1;9411261955;B
20240117;102236;1479.200000000;1;9411262038;B
20240117;102237;1479.200000000;3;9411262280;B
20240117;102238;1479.200000000;1;9411262450;B
20240117;102238;1479.200000000;23;9411262457;B
20240117;102238;1479.400000000;102;9411262458;B
20240117;102238;1479.400000000;7;9411262459;B
20240117;102238;1479.400000000;25;9411262460;B
20240117;102238;1479.600000000;142;9411262461;B
20240117;102242;1479.600000000;3;9411263225;B
20240117;102243;1479.600000000;1;9411263445;B
20240117;102246;1479.600000000;254;9411264108;B
20240117;102246;1479.600000000;25;9411264109;B
20240117;102246;1479.800000000;14;9411264110;B
20240117;102246;1479.800000000;177;9411264111;B
20240117;102246;1479.800000000;7;9411264112;B
20240117;102246;1479.800000000;12;9411264113;B
20240117;102246;1480.000000000;600;9411264114;B
20240117;102246;1480.000000000;20;9411264115;B
20240117;102246;1480.000000000;931;9411264116;B
20240117;102247;1480.000000000;20;9411264154;B
20240117;102247;1480.000000000;12;9411264155;B
20240117;102247;1480.000000000;3;9411264157;B
20240117;102247;1480.000000000;10;9411264164;B
20240117;102249;1480.000000000;1;9411264572;B
20240117;102250;1479.600000000;4;9411264746;S
20240117;102251;1480.000000000;23;9411264883;B
20240117;102251;1480.000000000;2;9411264884;B
20240117;102252;1480.000000000;3;9411265199;B
20240117;102253;1480.000000000;1;9411265243;B
20240117;102253;1480.000000000;2;9411265244;B
20240117;102254;1480.000000000;1;9411265623;B
20240117;102300;1480.000000000;2;9411267096;B
20240117;102302;1480.000000000;3;9411267470;B
20240117;102302;1480.000000000;2;9411267489;B
20240117;102302;1480.200000000;48;9411267490;B
20240117;102314;1480.600000000;1;9411269872;B
20240117;102317;1480.000000000;41;9411270343;S
20240117;102318;1480.200000000;1;9411270534;S
20240117;102318;1480.800000000;1;9411270634;B
20240117;102318;1480.200000000;2;9411270701;S
20240117;102323;1480.800000000;1;9411271573;B
20240117;102324;1480.800000000;1;9411271712;B
20240117;102331;1480.000000000;2;9411273134;S
20240117;102331;1480.000000000;57;9411273135;S
20240117;102335;1480.600000000;1;9411273665;B
20240117;102335;1480.600000000;1;9411273751;B
20240117;102335;1480.600000000;3;9411273752;B
20240117;102337;1480.600000000;2;9411273995;B
20240117;102337;1480.600000000;3;9411273996;B
20240117;102347;1480.800000000;20;9411275393;B
20240117;102348;1480.800000000;6;9411275539;B
20240117;102348;1480.800000000;3;9411275540;B
20240117;102348;1481.000000000;1;9411275541;B
20240117;102355;1481.000000000;6;9411276450;B
20240117;102355;1481.000000000;1;9411276451;B
20240117;102402;1481.000000000;6;9411278115;B
20240117;102402;1481.000000000;54;9411278116;B
20240117;102402;1481.000000000;5;9411278117;B
20240117;102402;1481.000000000;3;9411278118;B
20240117;102402;1481.200000000;47;9411278119;B
20240117;102405;1481.200000000;4;9411278728;B
20240117;102405;1481.200000000;2;9411278729;B
20240117;102405;1481.200000000;6;9411278730;B
20240117;102405;1481.400000000;4;9411278731;B
20240117;102405;1481.400000000;54;9411278732;B
20240117;102405;1481.400000000;25;9411278733;B
20240117;102405;1481.400000000;200;9411278734;B
20240117;102405;1481.600000000;354;9411278735;B
20240117;102405;1481.600000000;5;9411278736;B
20240117;102405;1481.600000000;54;9411278737;B
20240117;102405;1481.800000000;5;9411278738;B
20240117;102405;1481.800000000;16;9411278739;B
20240117;102405;1481.800000000;71;9411278740;B
20240117;102405;1481.800000000;2;9411278745;B
20240117;102410;1481.000000000;30;9411279263;S
20240117;102410;1480.800000000;1;9411279264;S
20240117;102410;1480.800000000;5;9411279265;S
20240117;102410;1480.600000000;4;9411279266;S
20240117;102417;1481.600000000;1;9411280320;B
20240117;102420;1481.600000000;1;9411280826;B
20240117;102424;1481.800000000;15;9411281329;B
20240117;102425;1481.800000000;10;9411281594;B
20240117;102425;1481.800000000;1;9411281595;B
20240117;102425;1481.800000000;6;9411281596;B
20240117;102425;1482.000000000;3;9411281597;B
20240117;102426;1481.800000000;2;9411281636;B
20240117;102429;1481.200000000;1;9411282168;S
20240117;102430;1481.800000000;23;9411282396;B
20240117;102430;1481.800000000;1;9411282397;B
20240117;102430;1481.800000000;6;9411282398;B
20240117;102430;1482.000000000;2;9411282399;B
20240117;102430;1482.000000000;8;9411282400;B
20240117;102432;1481.800000000;1;9411282578;B
20240117;102439;1481.800000000;24;9411283884;B
20240117;102439;1482.000000000;16;9411283885;B
20240117;102444;1481.800000000;3;9411284678;B
20240117;102448;1481.800000000;1;9411285298;B
20240117;102449;1481.800000000;5;9411285506;B
20240117;102450;1481.800000000;19;9411285671;B
20240117;102450;1481.800000000;6;9411285672;B
20240117;102450;1482.000000000;34;9411285673;B
20240117;102450;1482.000000000;8;9411285674;B
20240117;102450;1482.000000000;32;9411285675;B
20240117;102451;1481.800000000;1;9411285703;B
20240117;102452;1481.800000000;1;9411285925;B
20240117;102454;1481.800000000;2;9411286237;B
20240117;102456;1481.600000000;1;9411286497;S
20240117;102456;1481.200000000;24;9411286498;S
20240117;102456;1481.200000000;68;9411286499;S
20240117;102456;1481.000000000;12;9411286500;S
20240117;102456;1481.000000000;165;9411286501;S
20240117;102458;1481.400000000;25;9411286778;B
20240117;102458;1481.400000000;6;9411286779;B
20240117;102458;1481.600000000;54;9411286780;B
20240117;102504;1481.400000000;1;9411287677;B
20240117;102508;1481.400000000;24;9411288194;B
20240117;102508;1481.400000000;6;9411288195;B
20240117;102508;1481.600000000;10;9411288196;B
20240117;102508;1481.600000000;73;9411288197;B
20240117;102520;1480.800000000;20;9411289676;S
20240117;102523;1481.200000000;1;9411290009;B
20240117;102525;1481.000000000;1;9411290274;S
20240117;102529;1481.000000000;6;9411290955;B
20240117;102529;1481.200000000;24;9411290956;B
20240117;102529;1481.200000000;38;9411290957;B
20240117;102531;1481.000000000;3;9411291161;B
20240117;102540;1480.800000000;1;9411292145;B
20240117;102541;1481.000000000;1;9411292386;B
20240117;102543;1480.400000000;10;9411292593;S
20240117;102544;1480.200000000;30;9411292644;S
20240117;102544;1480.200000000;5;9411292689;S
20240117;102559;1480.200000000;3;9411294137;B
20240117;102559;1480.200000000;2;9411294140;B
20240117;102602;1480.200000000;1;9411294551;B
20240117;102603;1480.200000000;1;9411294605;B
20240117;102607;1480.000000000;3;9411295059;S
20240117;102607;1480.000000000;20;9411295060;S
20240117;102607;1480.000000000;2;9411295061;S
20240117;102607;1480.000000000;1;9411295062;S
20240117;102607;1480.000000000;5;9411295063;S
20240117;102607;1480.000000000;1;9411295064;S
20240117;102607;1480.000000000;4;9411295065;S
20240117;102607;1480.000000000;16;9411295066;S
20240117;102607;1480.000000000;20;9411295100;S
20240117;102607;1480.000000000;2;9411295101;S
20240117;102607;1479.800000000;1;9411295107;S
20240117;102610;1480.000000000;1;9411295476;B
20240117;102610;1480.000000000;5;9411295496;B
20240117;102610;1480.000000000;15;9411295497;S
20240117;102615;1480.000000000;6;9411295912;B
20240117;102615;1480.200000000;28;9411295913;B
20240117;102615;1480.200000000;19;9411295914;B
20240117;102618;1480.000000000;6;9411296161;B
20240117;102618;1480.200000000;49;9411296162;B
20240117;102618;1480.200000000;54;9411296163;B
20240117;102618;1480.200000000;200;9411296164;B
20240117;102618;1480.400000000;20;9411296165;B
20240117;102618;1480.400000000;54;9411296166;B
20240117;102618;1480.400000000;70;9411296167;B
20240117;102618;1480.400000000;25;9411296168;B
20240117;102618;1480.600000000;54;9411296169;B
20240117;102619;1480.800000000;65;9411296295;B
20240117;102625;1480.800000000;8;9411296986;S
20240117;102625;1481.000000000;1;9411297027;B
20240117;102626;1481.000000000;1;9411297088;B
20240117;102627;1480.800000000;8;9411297190;S
20240117;102627;1481.000000000;1;9411297208;B
20240117;102627;1480.800000000;4;9411297254;S
20240117;102627;1480.800000000;32;9411297255;S
20240117;102627;1480.600000000;717;9411297256;S
20240117;102629;1480.800000000;68;9411297386;B
20240117;102629;1481.000000000;227;9411297387;B
20240117;102629;1481.000000000;10;9411297388;B
20240117;102629;1481.000000000;10;9411297389;B
20240117;102629;1481.000000000;12;9411297390;B
20240117;102629;1481.000000000;200;9411297391;B
20240117;102629;1481.000000000;20;9411297392;B
20240117;102629;1481.200000000;40;9411297393;B
20240117;102629;1481.400000000;70;9411297394;B
20240117;102629;1481.400000000;25;9411297395;B
20240117;102629;1481.600000000;165;9411297396;B
20240117;102629;1481.600000000;16;9411297397;B
20240117;102629;1481.800000000;54;9411297398;B
20240117;102629;1481.800000000;583;9411297399;B
20240117;102629;1481.600000000;10;9411297440;B
20240117;102633;1481.600000000;6;9411297870;B
20240117;102633;1481.600000000;8;9411297871;B
20240117;102633;1481.600000000;8;9411297872;B
20240117;102633;1481.600000000;28;9411297873;S
20240117;102648;1481.600000000;8;9411299429;B
20240117;102648;1481.600000000;2;9411299430;B
20240117;102648;1481.600000000;1;9411299439;B
20240117;102648;1481.600000000;1;9411299444;B
20240117;102648;1481.600000000;9;9411299452;B
20240117;102648;1481.600000000;1;9411299453;B
20240117;102648;1481.600000000;1;9411299458;B
20240117;102648;1481.600000000;1;9411299460;B
20240117;102648;1481.600000000;2;9411299461;B
20240117;102648;1481.600000000;1;9411299463;B
20240117;102648;1481.600000000;1;9411299465;B
20240117;102648;1481.600000000;1;9411299466;B
20240117;102648;1481.600000000;1;9411299468;B
20240117;102648;1481.600000000;1;9411299469;B
20240117;102648;1481.000000000;20;9411299471;S
20240117;102648;1481.000000000;30;9411299472;S
20240117;102649;1481.600000000;1;9411299524;B
20240117;102649;1481.600000000;1;9411299539;B
20240117;102649;1481.600000000;1;9411299585;B
20240117;102649;1481.600000000;2;9411299588;B
20240117;102649;1481.600000000;1;9411299598;B
20240117;102649;1481.600000000;1;9411299599;B
20240117;102649;1481.600000000;4;9411299615;B
20240117;102649;1481.600000000;1;9411299625;B
20240117;102649;1481.600000000;1;9411299686;B
20240117;102650;1481.600000000;1;9411299708;B
20240117;102650;1481.600000000;1;9411299725;B
20240117;102650;1481.600000000;1;9411299751;B
20240117;102650;1481.600000000;1;9411299755;B
20240117;102650;1481.600000000;1;9411299762;B
20240117;102650;1481.600000000;2;9411299769;B
20240117;102650;1481.600000000;1;9411299770;B
20240117;102650;1481.600000000;2;9411299772;B
20240117;102650;1481.600000000;4;9411299788;B
20240117;102650;1481.600000000;12;9411299794;B
20240117;102650;1481.600000000;47;9411299795;B
20240117;102650;1481.600000000;4;9411299796;B
20240117;102650;1481.600000000;8;9411299797;B
20240117;102650;1481.600000000;20;9411299798;B
20240117;102650;1481.800000000;7;9411299799;B
20240117;102650;1481.600000000;2;9411299800;B
20240117;102650;1481.600000000;1;9411299801;B
20240117;102650;1481.600000000;1;9411299802;B
20240117;102650;1481.600000000;1;9411299803;B
20240117;102650;1481.600000000;1;9411299804;B
20240117;102650;1481.600000000;2;9411299813;B
20240117;102650;1481.600000000;1;9411299817;B
20240117;102651;1481.600000000;1;9411299848;B
20240117;102651;1481.600000000;1;9411299953;B
20240117;102652;1481.600000000;1;9411299987;B
20240117;102653;1481.600000000;1;9411300052;B
20240117;102653;1481.600000000;3;9411300061;B
20240117;102653;1481.600000000;1;9411300063;B
20240117;102653;1481.600000000;1;9411300177;B
20240117;102654;1481.600000000;1;9411300179;B
20240117;102654;1481.600000000;1;9411300230;B
20240117;102654;1481.600000000;2;9411300237;B
20240117;102654;1481.600000000;5;9411300307;B
20240117;102654;1481.800000000;5;9411300308;B
20240117;102655;1481.800000000;3;9411300346;B
20240117;102655;1481.800000000;2;9411300384;B
20240117;102656;1481.800000000;1;9411300504;B
20240117;102656;1481.800000000;3;9411300583;B
20240117;102658;1481.800000000;1;9411300747;B
20240117;102658;1481.800000000;1;9411300808;B
20240117;102659;1481.800000000;1;9411300885;B
20240117;102659;1481.800000000;1;9411300887;B
20240117;102700;1481.800000000;1;9411301021;B
20240117;102700;1481.800000000;1;9411301022;B
20240117;102701;1481.800000000;4;9411301050;B
20240117;102702;1481.800000000;1;9411301117;B
20240117;102702;1481.800000000;1;9411301147;B
20240117;102702;1481.800000000;7;9411301187;B
20240117;102702;1481.800000000;1;9411301188;B
20240117;102702;1481.800000000;1;9411301201;B
20240117;102704;1481.600000000;8;9411301366;B
20240117;102704;1481.600000000;4;9411301367;B
20240117;102704;1481.800000000;10;9411301368;B
20240117;102704;1481.800000000;20;9411301369;B
20240117;102705;1481.200000000;1;9411301431;S
20240117;102705;1481.200000000;1;9411301432;S
20240117;102705;1481.200000000;1;9411301433;S
20240117;102705;1481.000000000;12;9411301434;S
20240117;102712;1481.600000000;3;9411302060;B
20240117;102712;1481.000000000;64;9411302097;S
20240117;102712;1481.000000000;10;9411302098;S
20240117;102712;1481.000000000;1;9411302099;S
20240117;102712;1481.000000000;20;9411302100;S
20240117;102712;1481.000000000;1;9411302101;S
20240117;102712;1481.000000000;1;9411302102;S
20240117;102712;1481.000000000;8;9411302103;S
20240117;102712;1481.000000000;1;9411302104;S
20240117;102712;1481.000000000;1;9411302114;B
20240117;102712;1481.000000000;1;9411302118;B
20240117;102712;1481.000000000;1;9411302119;B
20240117;102712;1481.000000000;1;9411302121;B
20240117;102712;1481.000000000;1;9411302129;B
20240117;102712;1481.000000000;1;9411302133;B
20240117;102712;1481.000000000;1;9411302141;B
20240117;102712;1481.000000000;1;9411302148;B
20240117;102712;1481.000000000;1;9411302150;B
20240117;102716;1481.000000000;1;9411303006;B
20240117;102717;1481.000000000;50;9411303018;B
20240117;102717;1480.800000000;90;9411303082;S
20240117;102717;1480.800000000;1;9411303083;S
20240117;102717;1480.800000000;105;9411303084;S
20240117;102717;1480.800000000;8;9411303085;S
20240117;102717;1480.600000000;101;9411303086;S
20240117;102718;1481.000000000;1;9411303151;B
20240117;102720;1481.000000000;57;9411303322;B
20240117;102722;1481.000000000;1;9411303489;B
20240117;102734;1481.000000000;1;9411304718;B
20240117;102737;1481.000000000;34;9411305139;B
20240117;102737;1481.000000000;50;9411305140;B
20240117;102741;1481.200000000;10;9411305628;B
20240117;102742;1481.200000000;1;9411305711;B
20240117;102743;1481.200000000;9;9411305829;B
20240117;102753;1481.600000000;5;9411307317;S
20240117;102753;1481.800000000;1;9411307357;B
20240117;102754;1481.600000000;10;9411307446;S
20240117;102756;1481.800000000;5;9411307671;B
20240117;102759;1481.800000000;1;9411307979;B
20240117;102803;1481.600000000;4;9411308366;S
20240117;102809;1481.800000000;3;9411309178;B
20240117;102809;1481.800000000;6;9411309179;B
20240117;102809;1481.800000000;8;9411309180;B
20240117;102809;1481.800000000;21;9411309181;B
20240117;102809;1481.800000000;4;9411309182;B
20240117;102809;1481.800000000;25;9411309183;B
20240117;102816;1482.000000000;1;9411309977;B
20240117;102817;1481.600000000;1;9411310176;S
20240117;102823;1482.000000000;2;9411310709;B
20240117;102824;1481.800000000;8;9411310789;B
20240117;102824;1481.800000000;1;9411310790;B
20240117;102828;1481.800000000;1;9411311161;B
20240117;102830;1481.800000000;1;9411311417;B
20240117;102831;1481.800000000;2;9411311464;B
20240117;102831;1481.800000000;77;9411311467;B
20240117;102831;1481.800000000;3;9411311468;B
20240117;102831;1481.800000000;8;9411311469;B
20240117;102834;1482.000000000;1;9411311961;B
20240117;102835;1482.000000000;740;9411311974;B
20240117;102835;1481.800000000;12;9411311988;S
20240117;102838;1481.800000000;1;9411312270;S
20240117;102843;1482.000000000;4;9411312858;B
20240117;102845;1482.000000000;220;9411313170;B
20240117;102845;1482.000000000;1;9411313171;B
20240117;102845;1482.000000000;100;9411313172;B
20240117;102845;1482.000000000;2;9411313173;B
20240117;102845;1482.000000000;8;9411313174;B
20240117;102845;1482.000000000;69;9411313175;B
20240117;102848;1482.000000000;5;9411313473;B
20240117;102848;1482.000000000;45;9411313474;B
20240117;102851;1482.000000000;10;9411313740;B
20240117;102851;1481.800000000;49;9411313746;S
20240117;102851;1481.800000000;110;9411313747;S
20240117;102851;1481.800000000;8;9411313748;S
20240117;102855;1482.000000000;25;9411314209;B
20240117;102856;1481.800000000;1;9411314407;S
20240117;102856;1481.600000000;1;9411314408;S
20240117;102856;1481.600000000;1;9411314409;S
20240117;102856;1481.600000000;1;9411314410;S
20240117;102856;1481.600000000;8;9411314411;S
20240117;102856;1481.400000000;8;9411314412;S
20240117;102859;1481.800000000;1;9411314665;B
20240117;102859;1481.800000000;1;9411314742;B
20240117;102900;1481.200000000;20;9411314807;S
20240117;102900;1481.200000000;5;9411314808;S
20240117;102904;1481.200000000;73;9411315347;S
20240117;102905;1481.600000000;1;9411315520;B
20240117;102906;1481.600000000;19;9411315645;B
20240117;102906;1481.600000000;68;9411315646;B
20240117;102906;1481.600000000;650;9411315647;B
20240117;102906;1481.600000000;25;9411315648;B
20240117;102916;1481.800000000;10;9411317120;B
20240117;102917;1481.800000000;2;9411317310;B
20240117;102921;1481.800000000;1;9411317736;B
20240117;102925;1481.600000000;1;9411318420;S
20240117;102925;1481.400000000;8;9411318421;S
20240117;102925;1481.200000000;20;9411318422;S
20240117;102925;1481.200000000;27;9411318423;S
20240117;102931;1481.600000000;10;9411319327;B
20240117;102935;1481.600000000;6;9411319691;B
20240117;102935;1481.600000000;20;9411319692;B
20240117;102935;1481.800000000;143;9411319693;B
20240117;102937;1481.200000000;6;9411319981;S
20240117;102938;1481.200000000;10;9411320087;S
20240117;102944;1481.800000000;25;9411320928;B
20240117;102944;1481.800000000;2;9411320929;B
20240117;102944;1481.800000000;66;9411320930;B
20240117;102944;1481.800000000;7;9411320931;B
20240117;102945;1482.000000000;10;9411321091;B
20240117;102945;1482.000000000;1;9411321095;B
20240117;102945;1481.200000000;26;9411321124;S
20240117;102945;1481.200000000;8;9411321125;S
20240117;102945;1481.200000000;20;9411321126;S
20240117;102945;1481.000000000;100;9411321127;S
20240117;102945;1481.000000000;10;9411321128;S
20240117;102945;1481.000000000;1;9411321129;S
20240117;102945;1481.000000000;25;9411321130;S
20240117;102945;1481.000000000;190;9411321131;S
20240117;102945;1480.800000000;1;9411321132;S
20240117;102945;1480.800000000;4;9411321133;S
20240117;102945;1480.800000000;7;9411321134;S
20240117;102945;1480.800000000;35;9411321135;S
20240117;102945;1480.800000000;168;9411321136;S
20240117;102945;1480.800000000;1;9411321137;S
20240117;102945;1480.800000000;1;9411321138;S
20240117;102945;1480.600000000;732;9411321139;S
20240117;102949;1481.000000000;5;9411321697;B
20240117;102951;1481.000000000;1;9411321835;B
20240117;102952;1481.000000000;50;9411321952;B
20240117;102955;1481.000000000;27;9411322185;B
20240117;102956;1481.000000000;5;9411322502;B
20240117;102958;1481.000000000;2;9411322617;B
20240117;103000;1481.000000000;10;9411322856;B
20240117;103000;1481.000000000;40;9411322857;B
20240117;103008;1480.800000000;38;9411324235;S
20240117;103008;1480.800000000;10;9411324236;S
20240117;103008;1480.800000000;10;9411324237;S
20240117;103008;1480.800000000;8;9411324238;S
20240117;103008;1480.800000000;10;9411324239;S
20240117;103008;1480.600000000;4;9411324240;S
20240117;103010;1480.800000000;19;9411324535;S
20240117;103010;1480.600000000;16;9411324536;S
20240117;103017;1481.000000000;2;9411325670;B
20240117;103020;1480.800000000;10;9411326037;S
20240117;103020;1480.800000000;7;9411326038;S
20240117;103020;1480.800000000;2;9411326039;S
20240117;103020;1480.600000000;10;9411326040;S
20240117;103021;1481.000000000;2;9411326200;B
20240117;103022;1481.000000000;1;9411326309;B
20240117;103022;1481.000000000;1;9411326354;B
20240117;103026;1481.000000000;1;9411326827;B
20240117;103026;1481.000000000;1;9411326926;B
20240117;103026;1480.800000000;2;9411326974;S
20240117;103029;1481.000000000;1;9411327537;B
20240117;103030;1481.000000000;1;9411327599;B
20240117;103033;1480.800000000;3;9411328119;S
20240117;103033;1480.800000000;25;9411328120;S
20240117;103033;1480.800000000;2;9411328121;S
20240117;103034;1480.600000000;1;9411328252;S
20240117;103037;1480.600000000;8;9411328954;S
20240117;103041;1480.800000000;1;9411329640;B
20240117;103044;1480.800000000;19;9411330236;B
20240117;103046;1481.000000000;1;9411330748;B
20240117;103049;1481.000000000;1;9411331309;B
20240117;103050;1481.000000000;3;9411331650;B
20240117;103054;1481.000000000;1;9411332345;B
20240117;103054;1481.000000000;32;9411332403;B
20240117;103054;1481.000000000;1;9411332412;B
20240117;103057;1481.000000000;61;9411332917;B
20240117;103057;1481.000000000;10;9411332918;B
20240117;103101;1480.800000000;2;9411333886;S
20240117;103101;1480.800000000;10;9411333887;S
20240117;103101;1480.800000000;25;9411333888;S
20240117;103101;1480.800000000;2;9411333889;S
20240117;103101;1480.800000000;68;9411333890;S
20240117;103101;1480.800000000;53;9411333891;S
20240117;103106;1481.600000000;7;9411334617;B
20240117;103113;1481.600000000;1;9411336121;B
20240117;103114;1481.400000000;1;9411336217;B
20240117;103119;1480.800000000;1;9411337178;S
20240117;103119;1480.800000000;1;9411337179;S
20240117;103119;1480.800000000;5;9411337180;S
20240117;103123;1480.800000000;1;9411338091;S
20240117;103123;1480.800000000;6;9411338092;S
20240117;103131;1481.200000000;2;9411339369;B
20240117;103131;1481.400000000;100;9411339420;B
20240117;103133;1481.400000000;1;9411339792;B
20240117;103136;1481.400000000;6;9411340476;B
20240117;103144;1480.800000000;10;9411342194;S
20240117;103146;1481.400000000;1;9411342558;B
20240117;103148;1481.400000000;1;9411342900;B
20240117;103154;1481.400000000;1;9411344389;B
20240117;103157;1480.800000000;52;9411345100;S
20240117;103202;1481.200000000;3;9411346090;B
20240117;103205;1481.200000000;3;9411346859;B
20240117;103210;1481.200000000;1;9411347715;B
20240117;103210;1481.200000000;7;9411348070;B
20240117;103210;1481.200000000;1;9411348182;B
20240117;103211;1481.200000000;1;9411348279;B
20240117;103213;1480.800000000;1;9411348669;S
20240117;103213;1480.800000000;2;9411348670;S
20240117;103225;1480.800000000;14;9411350750;S
20240117;103227;1481.200000000;1;9411351003;B
20240117;103232;1481.200000000;1;9411352058;B
20240117;103233;1480.800000000;9;9411352094;S
20240117;103240;1481.200000000;1;9411353686;B
20240117;103244;1481.200000000;1;9411354461;B
20240117;103247;1480.800000000;85;9411354861;S
20240117;103247;1480.800000000;1;9411354862;S
20240117;103247;1480.800000000;5;9411354863;S
20240117;103247;1480.800000000;8;9411354864;S
20240117;103247;1480.600000000;89;9411354865;S
20240117;103247;1480.600000000;10;9411354866;S
20240117;103247;1480.600000000;1;9411354867;S
20240117;103247;1480.600000000;35;9411354868;S
20240117;103247;1480.600000000;5;9411354869;S
20240117;103247;1480.600000000;500;9411354870;S
20240117;103247;1480.600000000;10;9411354871;S
20240117;103247;1480.600000000;1;9411354872;S
20240117;103247;1480.600000000;25;9411354873;S
20240117;103247;1480.600000000;70;9411354874;S
20240117;103247;1480.600000000;5;9411354875;S
20240117;103247;1480.600000000;11;9411354877;S
20240117;103247;1480.600000000;14;9411354878;S
20240117;103248;1480.600000000;2;9411355068;B
20240117;103252;1480.800000000;10;9411355704;B
20240117;103256;1480.800000000;1;9411356188;B
20240117;103258;1480.400000000;2;9411356703;S
20240117;103300;1480.200000000;10;9411356998;S
20240117;103300;1480.000000000;1;9411357122;S
20240117;103300;1480.000000000;1;9411357123;S
20240117;103300;1480.000000000;1;9411357124;S
20240117;103300;1480.000000000;3;9411357125;S
20240117;103300;1480.000000000;38;9411357126;S
20240117;103300;1480.000000000;25;9411357127;S
20240117;103300;1480.000000000;19;9411357128;S
20240117;103300;1480.000000000;1;9411357129;S
20240117;103300;1480.000000000;3;9411357130;S
20240117;103300;1480.000000000;1;9411357131;S
20240117;103300;1480.000000000;75;9411357132;S
20240117;103300;1480.000000000;3;9411357133;S
20240117;103300;1480.000000000;2;9411357134;S
20240117;103300;1480.000000000;1;9411357135;S
20240117;103300;1480.000000000;1;9411357136;S
20240117;103300;1480.000000000;1;9411357137;S
20240117;103300;1480.000000000;1;9411357138;S
20240117;103300;1480.000000000;20;9411357139;S
20240117;103300;1480.000000000;1;9411357140;S
20240117;103300;1480.000000000;1;9411357141;S
20240117;103300;1480.000000000;1;9411357142;S
20240117;103304;1479.600000000;1;9411357831;S
20240117;103304;1479.600000000;20;9411357832;S
20240117;103307;1479.400000000;10;9411358216;S
20240117;103307;1479.200000000;1;9411358239;S
20240117;103310;1479.400000000;1;9411358864;B
20240117;103315;1479.400000000;1;9411359593;B
20240117;103316;1479.400000000;2;9411359770;B
20240117;103316;1479.400000000;4;9411359771;B
20240117;103320;1479.600000000;1;9411360278;B
20240117;103320;1479.400000000;1;9411360284;S
20240117;103320;1479.200000000;9;9411360285;S
20240117;103320;1479.200000000;1;9411360286;S
20240117;103320;1479.000000000;32;9411360287;S
20240117;103320;1479.000000000;1;9411360288;S
20240117;103320;1479.000000000;10;9411360289;S
20240117;103320;1479.000000000;1;9411360290;S
20240117;103320;1479.000000000;1;9411360291;S
20240117;103320;1479.000000000;1;9411360292;S
20240117;103320;1479.000000000;35;9411360293;S
20240117;103320;1479.000000000;1;9411360294;S
20240117;103320;1479.000000000;1;9411360295;S
20240117;103320;1479.000000000;70;9411360296;S
20240117;103320;1479.000000000;1;9411360297;S
20240117;103320;1479.000000000;9;9411360298;S
20240117;103320;1478.800000000;54;9411360299;S
20240117;103320;1478.600000000;5;9411360300;S
20240117;103320;1478.600000000;3;9411360301;S
20240117;103320;1478.600000000;54;9411360302;S
20240117;103320;1478.600000000;48;9411360303;S
20240117;103324;1478.600000000;1;9411360806;S
20240117;103326;1479.000000000;1;9411361059;B
20240117;103326;1479.200000000;6;9411361060;B
20240117;103326;1479.000000000;1;9411361101;B
20240117;103333;1479.000000000;3;9411361737;B
20240117;103336;1478.600000000;1;9411362034;S
20240117;103337;1478.600000000;1;9411362048;S
20240117;103341;1479.000000000;1;9411362523;B
20240117;103347;1478.600000000;5;9411363297;S
20240117;103347;1478.600000000;2;9411363298;S
20240117;103347;1478.400000000;4;9411363299;S
20240117;103355;1478.800000000;3;9411364631;B
20240117;103355;1479.000000000;2;9411364632;B
20240117;103359;1479.000000000;2;9411365212;B
20240117;103400;1479.000000000;1;9411365416;B
20240117;103419;1479.200000000;1;9411368370;B
20240117;103428;1479.000000000;2;9411369583;B
20240117;103429;1479.000000000;50;9411369793;B
20240117;103435;1479.000000000;10;9411370516;B
20240117;103438;1478.800000000;2;9411370766;S
20240117;103439;1479.000000000;2;9411370858;B
20240117;103441;1479.000000000;2;9411371266;B
20240117;103441;1479.000000000;1;9411371338;B
20240117;103453;1479.000000000;15;9411373073;B
20240117;103456;1479.000000000;1;9411373520;B
20240117;103456;1479.000000000;217;9411373521;B
20240117;103456;1479.000000000;10;9411373522;B
20240117;103456;1479.000000000;2;9411373523;B
20240117;103519;1478.800000000;4;9411377401;S
20240117;103520;1478.800000000;4;9411377495;S
20240117;103528;1479.000000000;1;9411378455;B
20240117;103535;1479.000000000;2;9411379254;B
20240117;103535;1479.000000000;3;9411379271;B
20240117;103542;1479.000000000;1;9411380229;B
20240117;103546;1479.000000000;2;9411381100;B
20240117;103548;1479.000000000;1;9411381378;B
20240117;103553;1479.000000000;1;9411382061;B
20240117;103554;1479.000000000;100;9411382254;B
20240117;103555;1479.000000000;3;9411382435;B
20240117;103557;1478.800000000;2;9411382619;S
20240117;103559;1479.000000000;7;9411382936;B
20240117;103600;1478.800000000;4;9411383045;S
20240117;103603;1478.800000000;1;9411383438;S
20240117;103603;1478.600000000;30;9411383439;S
20240117;103603;1478.600000000;200;9411383440;S
20240117;103603;1478.600000000;54;9411383441;S
20240117;103603;1478.600000000;20;9411383442;S
20240117;103603;1478.400000000;18;9411383443;S
20240117;103603;1478.400000000;5;9411383444;S
20240117;103603;1478.400000000;50;9411383445;S
20240117;103603;1478.400000000;100;9411383446;S
20240117;103603;1478.400000000;54;9411383447;S
20240117;103603;1478.400000000;25;9411383448;S
20240117;103603;1478.400000000;9;9411383449;S
20240117;103603;1478.200000000;1;9411383450;S
20240117;103603;1478.200000000;5;9411383451;S
20240117;103603;1478.200000000;1;9411383452;S
20240117;103603;1478.200000000;1;9411383453;S
20240117;103603;1478.200000000;1;9411383454;S
20240117;103603;1478.200000000;54;9411383455;S
20240117;103603;1478.200000000;150;9411383456;S
20240117;103603;1478.200000000;1;9411383457;S
20240117;103603;1478.200000000;10;9411383458;S
20240117;103603;1478.200000000;23;9411383459;S
20240117;103603;1478.200000000;68;9411383460;S
20240117;103603;1478.200000000;19;9411383461;S
20240117;103604;1479.000000000;3;9411383621;B
20240117;103604;1478.600000000;2;9411383700;S
20240117;103604;1478.200000000;14;9411383701;S
20240117;103606;1478.600000000;68;9411383892;B
20240117;103607;1478.800000000;3;9411384100;B
