<DATE>;<TIME>;<LAST>;<VOL>;<ID>;<OPER>
20240123;095958;1444.600000000;1;9454376919;B
20240123;095958;1444.600000000;1;9454376920;B
20240123;095958;1444.600000000;4;9454376921;B
20240123;095958;1444.600000000;8;9454376922;B
20240123;095958;1444.600000000;10;9454376923;B
20240123;095958;1444.600000000;14;9454376924;B
20240123;095958;1444.600000000;1;9454376925;B
20240123;095958;1444.600000000;7;9454376926;B
20240123;095958;1444.600000000;1;9454376927;B
20240123;095958;1444.600000000;10;9454376928;B
20240123;095958;1444.600000000;1;9454376929;B
20240123;095958;1444.600000000;8;9454376930;B
20240123;095958;1444.600000000;1;9454376931;B
20240123;095958;1444.600000000;79;9454376932;B
20240123;095958;1444.600000000;6;9454376933;B
20240123;095958;1444.600000000;6;9454376934;B
20240123;095958;1444.600000000;4;9454376935;B
20240123;095958;1444.600000000;3;9454376936;B
20240123;095958;1444.600000000;2;9454376937;B
20240123;095958;1444.600000000;1;9454376938;B
20240123;095958;1444.600000000;1;9454376939;B
20240123;095958;1444.600000000;5;9454376940;B
20240123;095958;1444.600000000;1;9454376941;B
20240123;095958;1444.600000000;1;9454376942;S
20240123;095958;1444.600000000;1;9454376943;S
20240123;095958;1444.600000000;1;9454376944;S
20240123;095958;1444.600000000;1;9454376945;S
20240123;095958;1444.600000000;10;9454376946;B
20240123;095958;1444.600000000;70;9454376947;S
20240123;095958;1444.600000000;50;9454376948;S
20240123;095958;1444.600000000;1;9454376949;S
20240123;095958;1444.600000000;1;9454376950;S
20240123;095958;1444.600000000;1;9454376951;B
20240123;095958;1444.600000000;1;9454376952;S
20240123;095958;1444.600000000;10;9454376953;S
20240123;095958;1444.600000000;1;9454376954;S
20240123;095958;1444.600000000;2;9454376955;S
20240123;095958;1444.600000000;1;9454376956;S
20240123;095958;1444.600000000;1;9454376957;S
20240123;095958;1444.600000000;1;9454376958;S
20240123;095958;1444.600000000;1;9454376959;S
20240123;095958;1444.600000000;1;9454376960;S
20240123;095958;1444.600000000;1;9454376961;S
20240123;095958;1444.600000000;2;9454376962;S
20240123;095958;1444.600000000;1;9454376963;S
20240123;095958;1444.600000000;40;9454376964;S
20240123;095958;1444.600000000;4;9454376965;S
20240123;095958;1444.600000000;2;9454376966;S
20240123;095958;1444.600000000;1;9454376967;S
20240123;095958;1444.600000000;1;9454376968;S
20240123;095958;1444.600000000;1;9454376969;S
20240123;095958;1444.600000000;1;9454376970;S
20240123;095958;1444.600000000;1;9454376971;S
20240123;095958;1444.600000000;1;9454376972;S
20240123;095958;1444.600000000;5;9454376973;S
20240123;095958;1444.600000000;10;9454376974;S
20240123;095958;1444.600000000;1;9454376975;S
20240123;095958;1444.600000000;1;9454376976;S
20240123;095958;1444.600000000;11;9454376977;S
20240123;095958;1444.600000000;3;9454376978;S
20240123;095958;1444.600000000;10;9454376979;S
20240123;095958;1444.600000000;5;9454376980;S
20240123;095958;1444.600000000;7;9454376981;S
20240123;095958;1444.600000000;39;9454376982;S
20240123;095958;1444.600000000;1;9454376983;B
20240123;095958;1444.600000000;1;9454376984;S
20240123;095958;1444.600000000;1;9454376985;B
20240123;095958;1444.600000000;100;9454376986;B
20240123;095958;1444.600000000;22;9454376987;S
20240123;095958;1444.600000000;3;9454376988;B
20240123;095958;1444.600000000;1;9454376989;B
20240123;095958;1444.600000000;1;9454376990;B
20240123;095958;1444.600000000;9;9454376991;B
20240123;095958;1444.600000000;1;9454376992;B
20240123;095958;1444.600000000;10;9454376993;B
20240123;095958;1444.600000000;5;9454376994;B
20240123;100000;1444.400000000;5;9454377360;S
20240123;100000;1444.200000000;3;9454377525;S
20240123;100000;1444.200000000;1;9454377526;S
20240123;100000;1444.200000000;7;9454377527;S
20240123;100000;1444.000000000;1;9454377528;S
20240123;100000;1444.000000000;20;9454377529;S
20240123;100000;1444.000000000;1;9454377530;S
20240123;100000;1444.000000000;3;9454377531;S
20240123;100000;1444.000000000;1;9454377532;S
20240123;100000;1444.000000000;1;9454377533;S
20240123;100000;1443.800000000;1;9454377534;S
20240123;100000;1443.800000000;55;9454377535;S
20240123;100000;1443.600000000;6;9454377536;S
20240123;100000;1443.600000000;100;9454377764;S
20240123;100000;1443.600000000;100;9454377766;S
20240123;100000;1443.600000000;1;9454377782;S
20240123;100000;1443.400000000;1;9454377794;S
20240123;100000;1443.400000000;15;9454377795;S
20240123;100000;1443.200000000;50;9454377796;S
20240123;100000;1443.200000000;34;9454377797;S
20240123;100000;1443.200000000;21;9454377813;S
20240123;100000;1443.000000000;1;9454377817;S
20240123;100000;1443.000000000;1;9454377818;S
20240123;100000;1443.000000000;5;9454377819;S
20240123;100000;1443.000000000;3;9454377820;S
20240123;100000;1443.000000000;72;9454377821;S
20240123;100000;1443.000000000;18;9454377822;S
20240123;100000;1443.000000000;100;9454377865;B
20240123;100000;1443.000000000;38;9454377872;S
20240123;100000;1442.800000000;2;9454377873;S
20240123;100000;1442.800000000;1;9454377874;S
20240123;100000;1442.800000000;3;9454377875;S
20240123;100000;1442.800000000;9;9454377876;S
20240123;100000;1443.000000000;138;9454377886;S
20240123;100000;1443.000000000;55;9454377889;B
20240123;100000;1443.000000000;3;9454377890;B
20240123;100000;1442.800000000;4;9454377894;S
20240123;100000;1442.800000000;55;9454377895;S
20240123;100000;1442.800000000;14;9454377896;S
20240123;100000;1442.800000000;27;9454377897;B
20240123;100000;1443.000000000;4;9454377898;B
20240123;100000;1442.800000000;100;9454377905;S
20240123;100000;1443.000000000;13;9454377918;B
20240123;100000;1442.800000000;11;9454377919;S
20240123;100000;1442.800000000;17;9454377935;B
20240123;100000;1442.800000000;1;9454378052;B
20240123;100000;1442.800000000;3;9454378476;B
20240123;100001;1442.600000000;1;9454378582;S
20240123;100001;1442.600000000;99;9454378583;S
20240123;100001;1442.600000000;79;9454378593;S
20240123;100001;1442.600000000;122;9454378610;S
20240123;100001;1442.600000000;78;9454378611;S
20240123;100001;1442.600000000;86;9454378612;S
20240123;100001;1442.600000000;10;9454378613;S
20240123;100001;1442.600000000;4;9454378614;S
20240123;100001;1442.600000000;168;9454378626;S
20240123;100001;1442.600000000;28;9454378627;S
20240123;100001;1442.600000000;1;9454378628;S
20240123;100001;1442.600000000;10;9454378629;S
20240123;100001;1442.600000000;10;9454378630;S
20240123;100001;1442.600000000;5;9454378631;S
20240123;100001;1442.600000000;1;9454378632;S
20240123;100001;1442.600000000;10;9454378633;S
20240123;100001;1442.600000000;35;9454378634;S
20240123;100001;1442.600000000;100;9454378649;S
20240123;100001;1442.600000000;3;9454378653;S
20240123;100001;1442.600000000;17;9454378659;B
20240123;100001;1442.400000000;45;9454378673;S
20240123;100001;1442.400000000;30;9454378674;S
20240123;100001;1442.400000000;1;9454378675;S
20240123;100001;1442.400000000;124;9454378676;S
20240123;100001;1442.600000000;1;9454378901;B
20240123;100001;1442.400000000;100;9454378935;S
20240123;100001;1442.400000000;100;9454378943;S
20240123;100001;1442.400000000;100;9454378948;S
20240123;100001;1442.400000000;100;9454378954;S
20240123;100001;1442.400000000;100;9454378969;S
20240123;100001;1442.400000000;100;9454378980;S
20240123;100001;1442.400000000;100;9454378989;S
20240123;100001;1442.400000000;100;9454378995;S
20240123;100001;1442.400000000;1;9454379101;S
20240123;100001;1442.600000000;1;9454379393;B
20240123;100001;1442.600000000;78;9454379457;B
20240123;100001;1442.800000000;100;9454379458;B
20240123;100001;1442.800000000;102;9454379459;B
20240123;100001;1443.000000000;3;9454379639;B
20240123;100002;1443.000000000;4;9454380027;B
20240123;100003;1443.000000000;20;9454380835;B
20240123;100003;1442.800000000;6;9454381265;S
20240123;100003;1442.800000000;2;9454381266;S
20240123;100003;1443.000000000;45;9454381317;B
20240123;100004;1443.000000000;1;9454381630;B
20240123;100005;1443.000000000;16;9454382123;B
20240123;100005;1442.800000000;79;9454382155;S
20240123;100005;1443.000000000;1;9454382353;B
20240123;100005;1443.000000000;1;9454382354;B
20240123;100005;1443.000000000;1;9454382356;B
20240123;100005;1443.000000000;1;9454382357;B
20240123;100005;1442.800000000;138;9454382514;S
20240123;100005;1442.800000000;88;9454382515;S
20240123;100005;1443.000000000;1;9454382635;B
20240123;100005;1443.000000000;1;9454382828;B
20240123;100006;1442.800000000;138;9454382971;S
20240123;100006;1442.800000000;88;9454382972;S
20240123;100006;1442.800000000;64;9454382975;S
20240123;100006;1443.000000000;3;9454383000;B
20240123;100006;1442.800000000;1;9454383349;B
20240123;100006;1442.800000000;1;9454383351;B
20240123;100006;1442.800000000;1;9454383355;B
20240123;100006;1442.800000000;1;9454383357;B
20240123;100006;1442.800000000;4;9454383360;B
20240123;100006;1442.800000000;2;9454383362;B
20240123;100006;1442.600000000;1;9454383439;S
20240123;100006;1442.600000000;8;9454383624;S
20240123;100006;1443.000000000;7;9454383844;B
20240123;100006;1443.000000000;1;9454383846;B
20240123;100006;1443.000000000;1;9454383850;B
20240123;100006;1443.000000000;1;9454383853;B
20240123;100006;1443.000000000;4;9454383856;B
20240123;100006;1443.000000000;1;9454383867;B
20240123;100006;1442.600000000;1;9454383888;S
20240123;100006;1443.000000000;2;9454383897;B
20240123;100006;1443.000000000;1;9454384324;B
20240123;100006;1443.000000000;1;9454384473;B
20240123;100006;1443.000000000;2;9454384474;B
20240123;100006;1443.000000000;1;9454384476;B
20240123;100006;1442.600000000;1;9454384478;S
20240123;100006;1443.000000000;2;9454384575;B
20240123;100007;1443.000000000;1;9454384898;B
20240123;100007;1442.600000000;20;9454385221;S
20240123;100007;1443.000000000;4;9454385547;B
20240123;100008;1443.000000000;1;9454385696;B
20240123;100008;1443.000000000;1;9454386223;B
20240123;100008;1443.000000000;1;9454386224;B
20240123;100008;1442.600000000;11;9454386225;S
20240123;100010;1443.000000000;1;9454386566;B
20240123;100010;1443.000000000;6;9454386646;B
20240123;100010;1442.600000000;8;9454386652;S
20240123;100010;1442.600000000;2;9454386774;S
20240123;100010;1443.000000000;32;9454386775;B
20240123;100010;1443.000000000;14;9454386807;B
20240123;100011;1443.000000000;1;9454387150;B
20240123;100012;1442.800000000;11;9454387304;S
20240123;100014;1442.600000000;9;9454388032;S
20240123;100015;1442.800000000;4;9454388381;B
20240123;100016;1442.800000000;10;9454388765;B
20240123;100016;1442.600000000;1;9454388890;S
20240123;100017;1442.600000000;5;9454389179;S
20240123;100018;1442.800000000;1;9454389486;B
20240123;100019;1442.600000000;5;9454389570;S
20240123;100019;1442.600000000;1;9454389837;S
20240123;100020;1442.600000000;3;9454390226;S
20240123;100021;1442.800000000;1;9454390321;B
20240123;100022;1442.800000000;200;9454390565;B
20240123;100024;1442.800000000;1;9454391227;B
20240123;100026;1442.600000000;100;9454391637;S
20240123;100027;1442.800000000;10;9454391787;B
20240123;100027;1442.600000000;21;9454391897;S
20240123;100027;1442.800000000;1;9454391926;B
20240123;100030;1442.800000000;1;9454392476;B
20240123;100033;1442.800000000;1;9454393245;B
20240123;100033;1442.800000000;3;9454393300;B
20240123;100034;1442.800000000;5;9454393557;B
20240123;100034;1442.800000000;10;9454393604;B
20240123;100034;1442.800000000;1;9454393613;B
20240123;100035;1442.600000000;1;9454393770;S
20240123;100035;1442.600000000;2;9454393812;S
20240123;100035;1442.600000000;8;9454393813;S
20240123;100038;1442.600000000;15;9454394671;S
20240123;100041;1442.800000000;51;9454395453;B
20240123;100041;1442.800000000;3;9454395454;B
20240123;100041;1442.800000000;8;9454395455;B
20240123;100044;1442.800000000;30;9454396077;S
20240123;100045;1442.800000000;120;9454396417;S
20240123;100046;1443.000000000;6;9454396590;B
20240123;100046;1443.200000000;24;9454396591;B
20240123;100048;1443.000000000;1;9454397111;B
20240123;100051;1443.000000000;77;9454398076;B
20240123;100051;1442.800000000;1;9454398176;S
20240123;100051;1442.800000000;14;9454398178;S
20240123;100055;1443.000000000;1;9454399048;B
20240123;100055;1443.000000000;21;9454399209;B
20240123;100055;1443.200000000;1;9454399210;B
20240123;100055;1443.200000000;39;9454399323;B
20240123;100055;1443.200000000;10;9454399324;B
20240123;100055;1443.400000000;7;9454399325;B
20240123;100055;1443.600000000;44;9454399326;B
20240123;100055;1443.600000000;2;9454399341;B
20240123;100057;1443.000000000;5;9454400087;S
20240123;100058;1443.000000000;6;9454400164;S
20240123;100058;1443.000000000;1;9454400180;S
20240123;100058;1443.000000000;13;9454400231;S
20240123;100058;1443.000000000;138;9454400232;S
20240123;100058;1443.000000000;49;9454400233;S
20240123;100059;1443.200000000;1;9454400484;B
20240123;100100;1443.000000000;25;9454400572;S
20240123;100100;1442.800000000;23;9454400573;S
20240123;100100;1442.800000000;3;9454400574;S
20240123;100100;1442.800000000;3;9454400575;S
20240123;100100;1442.800000000;1;9454400576;S
20240123;100100;1442.800000000;1;9454400577;S
20240123;100100;1442.800000000;1;9454400578;S
20240123;100100;1442.800000000;104;9454400579;S
20240123;100100;1442.600000000;99;9454400580;S
20240123;100101;1442.600000000;24;9454400845;S
20240123;100101;1442.600000000;23;9454400914;S
20240123;100101;1442.800000000;25;9454400933;S
20240123;100101;1442.600000000;31;9454400937;S
20240123;100101;1442.600000000;1;9454400938;S
20240123;100101;1442.600000000;1;9454400939;S
20240123;100101;1442.600000000;1;9454400940;S
20240123;100101;1442.600000000;1;9454400941;S
20240123;100101;1442.600000000;3;9454400942;S
20240123;100101;1442.600000000;3;9454400943;S
20240123;100101;1442.600000000;20;9454400944;S
20240123;100101;1442.600000000;5;9454401136;S
20240123;100101;1442.600000000;2;9454401137;S
20240123;100101;1442.600000000;1;9454401138;S
20240123;100101;1442.600000000;2;9454401206;S
20240123;100101;1442.600000000;20;9454401251;S
20240123;100103;1442.600000000;15;9454401748;S
20240123;100104;1443.000000000;5;9454402003;B
20240123;100104;1442.600000000;5;9454402038;S
20240123;100106;1442.800000000;9;9454402429;B
20240123;100106;1442.800000000;1;9454402430;B
20240123;100106;1442.800000000;1;9454402466;B
20240123;100108;1442.800000000;17;9454402748;B
20240123;100109;1442.800000000;1;9454402939;B
20240123;100109;1442.600000000;10;9454402978;S
20240123;100110;1442.800000000;89;9454403217;B
20240123;100110;1442.800000000;11;9454403218;B
20240123;100111;1442.600000000;15;9454403381;S
20240123;100111;1442.600000000;25;9454403382;S
20240123;100111;1442.600000000;1;9454403383;S
20240123;100111;1442.400000000;118;9454403384;S
20240123;100111;1442.400000000;100;9454403390;S
20240123;100112;1442.600000000;1;9454403674;B
20240123;100114;1442.400000000;100;9454404150;S
20240123;100115;1442.400000000;19;9454404343;S
20240123;100116;1442.600000000;1;9454404569;B
20240123;100117;1442.600000000;1;9454404713;B
20240123;100119;1442.400000000;30;9454405007;S
20240123;100120;1442.600000000;3;9454405508;B
20240123;100124;1442.400000000;10;9454406082;S
20240123;100126;1442.600000000;1;9454406377;B
20240123;100126;1442.400000000;5;9454406418;S
20240123;100126;1442.400000000;11;9454406419;S
20240123;100127;1442.400000000;20;9454406494;S
20240123;100127;1442.600000000;1;9454406550;B
20240123;100127;1442.400000000;16;9454406559;S
20240123;100129;1442.600000000;1;9454406758;B
20240123;100130;1442.600000000;8;9454406935;B
20240123;100130;1442.600000000;55;9454406936;B
20240123;100130;1442.600000000;17;9454406937;B
20240123;100130;1442.600000000;54;9454406947;B
20240123;100130;1442.600000000;10;9454406948;B
20240123;100131;1442.600000000;1;9454407062;S
20240123;100132;1442.600000000;2;9454407188;S
20240123;100132;1442.600000000;14;9454407191;S
20240123;100133;1442.600000000;5;9454407327;S
20240123;100135;1442.800000000;1;9454407591;B
20240123;100136;1442.800000000;1;9454407778;B
20240123;100138;1442.800000000;1;9454408198;B
20240123;100138;1442.800000000;1;9454408202;B
20240123;100139;1442.800000000;1;9454408404;B
20240123;100141;1442.600000000;1;9454408984;S
20240123;100141;1442.800000000;14;9454409192;B
20240123;100141;1442.800000000;36;9454409193;B
20240123;100141;1442.800000000;1;9454409194;B
20240123;100141;1442.800000000;38;9454409261;B
20240123;100141;1443.000000000;95;9454409262;B
20240123;100141;1443.000000000;3;9454409263;B
20240123;100141;1443.000000000;138;9454409264;B
20240123;100141;1443.200000000;9;9454409265;B
20240123;100141;1443.200000000;10;9454409266;B
20240123;100141;1443.400000000;55;9454409267;B
20240123;100141;1443.600000000;9;9454409268;B
20240123;100141;1443.600000000;25;9454409269;B
20240123;100141;1443.800000000;55;9454409270;B
20240123;100141;1444.000000000;11;9454409271;B
20240123;100141;1444.000000000;27;9454409272;B
20240123;100141;1444.000000000;1;9454409273;B
20240123;100141;1444.000000000;117;9454409274;B
20240123;100141;1444.000000000;138;9454409275;B
20240123;100141;1444.200000000;8;9454409276;B
20240123;100141;1444.200000000;139;9454409277;B
20240123;100141;1444.200000000;104;9454409278;B
20240123;100141;1444.200000000;1;9454409279;B
20240123;100141;1444.400000000;100;9454409280;B
20240123;100141;1444.400000000;450;9454409281;B
20240123;100141;1444.600000000;10;9454409282;B
20240123;100141;1444.600000000;3;9454409283;B
20240123;100141;1444.600000000;2;9454409284;B
20240123;100141;1444.600000000;254;9454409285;B
20240123;100141;1443.800000000;100;9454409307;S
20240123;100141;1443.400000000;25;9454409308;S
20240123;100141;1443.200000000;50;9454409309;S
20240123;100152;1444.200000000;1;9454410804;B
20240123;100155;1444.400000000;1;9454411271;B
20240123;100159;1444.400000000;10;9454412013;B
20240123;100201;1444.400000000;1;9454412292;B
20240123;100202;1444.200000000;117;9454412368;S
20240123;100202;1444.200000000;70;9454412369;S
20240123;100204;1444.400000000;1;9454412824;B
20240123;100205;1444.200000000;4;9454412879;S
20240123;100213;1444.600000000;6;9454414331;B
20240123;100217;1444.600000000;1;9454414895;B
20240123;100218;1444.200000000;1;9454415270;S
20240123;100220;1444.600000000;1;9454415712;B
20240123;100225;1444.400000000;10;9454416637;B
20240123;100227;1444.400000000;1;9454416858;B
20240123;100229;1444.400000000;1;9454417200;B
20240123;100230;1444.200000000;70;9454417301;S
20240123;100230;1444.200000000;1;9454417302;S
20240123;100230;1444.200000000;29;9454417303;S
20240123;100231;1444.400000000;1;9454417503;B
20240123;100232;1444.200000000;3;9454417613;B
20240123;100233;1444.000000000;100;9454417762;S
20240123;100233;1444.000000000;10;9454417763;S
20240123;100234;1444.200000000;1;9454417880;B
20240123;100237;1444.200000000;1;9454418228;B
20240123;100237;1444.200000000;39;9454418229;B
20240123;100237;1444.200000000;10;9454418301;B
20240123;100238;1444.200000000;8;9454418481;B
20240123;100240;1444.000000000;10;9454418726;S
20240123;100241;1444.200000000;3;9454419004;B
20240123;100242;1444.000000000;21;9454419023;S
20240123;100242;1444.000000000;70;9454419024;S
20240123;100242;1443.800000000;209;9454419025;S
20240123;100243;1444.000000000;1;9454419337;B
20240123;100244;1444.000000000;1;9454419541;B
20240123;100245;1444.000000000;1;9454419821;B
20240123;100246;1443.800000000;11;9454420101;S
20240123;100246;1444.000000000;14;9454420102;B
20240123;100247;1444.200000000;40;9454420144;B
20240123;100247;1444.400000000;100;9454420145;B
20240123;100247;1444.400000000;60;9454420146;B
20240123;100247;1444.600000000;2;9454420358;B
20240123;100251;1444.000000000;10;9454421218;S
20240123;100252;1444.400000000;226;9454421460;B
20240123;100252;1444.400000000;57;9454421461;B
20240123;100252;1444.400000000;226;9454421462;S
20240123;100252;1444.400000000;40;9454421478;S
20240123;100252;1444.400000000;101;9454421483;S
20240123;100252;1444.400000000;70;9454421484;S
20240123;100252;1444.400000000;55;9454421485;S
20240123;100253;1444.600000000;1;9454421523;B
20240123;100254;1444.000000000;2;9454421783;S
20240123;100259;1444.000000000;8;9454422909;S
20240123;100259;1444.000000000;12;9454422910;S
20240123;100259;1444.200000000;4;9454422919;B
20240123;100301;1444.000000000;16;9454423219;S
20240123;100303;1444.200000000;30;9454423545;B
20240123;100303;1444.200000000;1;9454423574;B
20240123;100305;1444.000000000;42;9454423864;S
20240123;100305;1444.000000000;1;9454423865;S
20240123;100305;1444.000000000;1;9454423866;S
20240123;100305;1444.000000000;48;9454423867;S
20240123;100305;1444.000000000;1;9454423868;S
20240123;100305;1443.800000000;7;9454423869;S
20240123;100306;1444.000000000;13;9454424158;S
20240123;100306;1444.000000000;3;9454424159;S
20240123;100307;1444.000000000;3;9454424167;S
20240123;100307;1444.000000000;1;9454424246;S
20240123;100307;1444.000000000;12;9454424272;S
20240123;100308;1444.000000000;5;9454424448;S
20240123;100311;1444.200000000;14;9454424817;B
20240123;100311;1444.400000000;7;9454424818;B
20240123;100311;1444.600000000;44;9454424947;B
20240123;100311;1444.600000000;1;9454424948;B
20240123;100311;1444.600000000;55;9454424949;B
20240123;100316;1444.600000000;1;9454425786;B
20240123;100319;1444.400000000;2;9454426382;B
20240123;100323;1444.200000000;20;9454427343;B
20240123;100326;1444.000000000;1;9454427982;S
20240123;100327;1444.200000000;1;9454428172;B
20240123;100328;1444.200000000;2;9454428452;B
20240123;100333;1444.200000000;1;9454429250;B
20240123;100334;1444.200000000;40;9454429495;B
20240123;100334;1444.200000000;55;9454429496;B
20240123;100334;1444.400000000;1;9454429497;B
20240123;100334;1444.400000000;4;9454429498;B
20240123;100337;1444.000000000;40;9454429963;S
20240123;100337;1444.000000000;2;9454430018;S
20240123;100338;1444.000000000;3;9454430126;S
20240123;100338;1444.000000000;1;9454430127;S
20240123;100339;1444.000000000;1;9454430222;S
20240123;100339;1444.000000000;4;9454430223;S
20240123;100339;1444.200000000;3;9454430263;B
20240123;100339;1443.800000000;25;9454430283;S
20240123;100340;1443.800000000;5;9454430490;S
20240123;100340;1443.800000000;3;9454430491;S
20240123;100341;1444.000000000;50;9454430595;B
20240123;100342;1443.800000000;4;9454430752;S
20240123;100344;1444.000000000;3;9454431089;B
20240123;100348;1443.800000000;11;9454431663;S
20240123;100349;1443.800000000;2;9454431887;S
20240123;100350;1444.000000000;6;9454432008;B
20240123;100352;1443.800000000;2;9454432246;S
20240123;100352;1443.800000000;8;9454432282;S
20240123;100352;1443.800000000;32;9454432283;S
20240123;100352;1444.000000000;1;9454432291;B
20240123;100352;1443.800000000;11;9454432322;S
20240123;100355;1443.800000000;11;9454432697;S
20240123;100356;1443.800000000;44;9454432829;S
20240123;100356;1443.800000000;56;9454432830;S
20240123;100356;1443.800000000;100;9454432831;S
20240123;100356;1443.800000000;36;9454432832;S
20240123;100356;1443.600000000;25;9454432833;S
20240123;100356;1443.600000000;14;9454432834;S
20240123;100357;1444.000000000;1;9454433013;B
20240123;100411;1444.000000000;50;9454435484;B
20240123;100411;1443.600000000;30;9454435554;S
20240123;100411;1443.400000000;40;9454435555;S
20240123;100412;1444.000000000;1;9454435708;B
20240123;100415;1443.600000000;1;9454436330;B
20240123;100416;1443.200000000;1;9454436489;S
20240123;100416;1443.200000000;1;9454436490;S
20240123;100416;1443.200000000;8;9454436491;S
20240123;100416;1443.600000000;2;9454436577;B
20240123;100417;1443.600000000;3;9454436754;B
20240123;100423;1443.600000000;3;9454437575;B
20240123;100424;1443.600000000;2;9454437746;B
20240123;100424;1443.800000000;104;9454437747;B
20240123;100424;1443.800000000;33;9454437748;B
20240123;100424;1444.000000000;25;9454437749;B
20240123;100424;1444.000000000;16;9454437750;B
20240123;100430;1443.800000000;1;9454438545;B
20240123;100431;1443.400000000;1;9454438688;S
20240123;100431;1443.400000000;9;9454438689;S
20240123;100434;1443.800000000;3;9454439185;B
20240123;100444;1443.400000000;15;9454440600;S
20240123;100444;1443.400000000;1;9454440601;S
20240123;100444;1443.400000000;14;9454440602;S
20240123;100446;1443.200000000;13;9454441031;S
20240123;100446;1443.000000000;1;9454441032;S
20240123;100446;1443.000000000;1;9454441033;S
20240123;100446;1443.000000000;15;9454441034;S
20240123;100446;1443.000000000;30;9454441051;S
20240123;100446;1443.000000000;2;9454441126;S
20240123;100447;1443.200000000;1;9454441293;B
20240123;100449;1443.000000000;50;9454441721;S
20240123;100449;1443.200000000;18;9454441819;B
20240123;100449;1443.000000000;10;9454441827;S
20240123;100453;1443.000000000;10;9454442325;S
20240123;100453;1443.200000000;36;9454442327;B
20240123;100453;1443.400000000;54;9454442328;B
20240123;100456;1443.800000000;7;9454442789;B
20240123;100456;1443.800000000;4;9454442790;B
20240123;100459;1443.800000000;3;9454443154;B
20240123;100504;1443.400000000;1;9454444067;S
20240123;100504;1443.800000000;2;9454444191;B
20240123;100506;1443.400000000;1;9454444503;S
20240123;100508;1443.800000000;81;9454444713;B
20240123;100508;1443.800000000;17;9454444738;S
20240123;100508;1443.800000000;1;9454444767;S
20240123;100509;1444.000000000;5;9454444881;B
20240123;100512;1443.800000000;2;9454445233;S
20240123;100514;1443.800000000;5;9454445610;S
20240123;100514;1443.800000000;2;9454445728;S
20240123;100515;1443.800000000;1;9454445858;S
20240123;100516;1443.800000000;8;9454446033;S
20240123;100520;1444.000000000;1;9454446659;B
20240123;100520;1444.000000000;1;9454446660;B
20240123;100522;1444.000000000;5;9454446812;B
20240123;100522;1444.000000000;5;9454446813;B
20240123;100522;1443.800000000;12;9454446828;S
20240123;100522;1443.800000000;9;9454446846;S
20240123;100528;1444.000000000;1;9454447755;B
20240123;100529;1444.000000000;3;9454447772;B
20240123;100533;1444.000000000;1;9454448380;B
20240123;100533;1444.000000000;1;9454448388;B
20240123;100536;1444.000000000;5;9454448919;B
20240123;100536;1444.000000000;7;9454448961;B
20240123;100536;1444.000000000;1;9454449026;B
20240123;100537;1444.000000000;1;9454449061;B
20240123;100537;1444.000000000;1;9454449095;B
20240123;100540;1444.000000000;1;9454449549;B
20240123;100543;1444.000000000;3;9454450031;B
20240123;100543;1443.800000000;1;9454450051;S
20240123;100545;1443.800000000;110;9454450266;S
20240123;100546;1444.000000000;2;9454450468;B
20240123;100546;1443.800000000;163;9454450533;S
20240123;100548;1444.000000000;6;9454450760;B
20240123;100548;1444.000000000;2;9454450761;B
20240123;100548;1444.000000000;10;9454450762;B
20240123;100548;1444.000000000;103;9454450763;B
20240123;100548;1444.000000000;120;9454450764;B
20240123;100548;1444.000000000;15;9454450765;B
20240123;100548;1444.000000000;29;9454450766;B
20240123;100548;1444.000000000;15;9454450767;B
20240123;100551;1444.000000000;34;9454451244;S
20240123;100553;1444.000000000;1;9454451535;S
20240123;100554;1444.000000000;13;9454451715;S
20240123;100556;1444.200000000;10;9454452040;B
20240123;100556;1444.200000000;1;9454452041;B
20240123;100557;1444.200000000;1;9454452184;B
20240123;100604;1444.000000000;1;9454453414;S
20240123;100604;1444.200000000;1;9454453495;B
20240123;100606;1444.000000000;4;9454453845;S
20240123;100607;1444.200000000;16;9454453947;B
20240123;100608;1444.200000000;7;9454454252;B
20240123;100610;1444.000000000;1;9454454495;S
20240123;100611;1444.200000000;1;9454454720;B
20240123;100611;1444.200000000;3;9454454789;B
20240123;100613;1444.200000000;10;9454455132;B
20240123;100616;1444.000000000;6;9454455556;S
20240123;100618;1444.200000000;27;9454455861;B
20240123;100619;1444.200000000;48;9454456019;B
20240123;100620;1444.200000000;3;9454456296;B
20240123;100622;1444.200000000;22;9454456497;B
20240123;100622;1444.200000000;12;9454456498;B
20240123;100624;1444.000000000;90;9454456908;S
20240123;100625;1444.200000000;15;9454456970;B
20240123;100626;1444.200000000;2;9454457086;B
20240123;100626;1444.200000000;25;9454457133;B
20240123;100627;1444.200000000;45;9454457269;B
20240123;100632;1444.200000000;1;9454457970;B
20240123;100632;1444.200000000;3;9454457999;B
20240123;100632;1444.200000000;2;9454458007;B
20240123;100633;1444.000000000;60;9454458103;S
20240123;100634;1444.200000000;1;9454458177;B
20240123;100634;1444.000000000;20;9454458229;S
20240123;100634;1444.200000000;25;9454458258;B
20240123;100634;1444.000000000;1;9454458294;S
20240123;100637;1444.200000000;5;9454458727;B
20240123;100637;1444.000000000;2;9454458764;S
20240123;100642;1444.200000000;64;9454459365;B
20240123;100642;1444.200000000;16;9454459366;B
20240123;100643;1444.200000000;68;9454459478;B
20240123;100644;1444.200000000;30;9454459675;B
20240123;100647;1444.000000000;103;9454459953;S
20240123;100648;1444.200000000;1;9454460091;B
20240123;100649;1444.200000000;1;9454460262;B
20240123;100649;1444.200000000;1;9454460286;B
20240123;100649;1444.200000000;97;9454460327;B
20240123;100649;1444.200000000;3;9454460328;B
20240123;100650;1444.200000000;1;9454460413;B
20240123;100651;1444.000000000;2;9454460518;S
20240123;100654;1444.200000000;1;9454461048;B
20240123;100654;1444.200000000;100;9454461049;B
20240123;100654;1444.200000000;104;9454461050;B
20240123;100654;1444.200000000;250;9454461051;B
20240123;100654;1444.200000000;43;9454461052;B
20240123;100654;1444.200000000;100;9454461053;B
20240123;100654;1444.200000000;138;9454461054;B
20240123;100654;1444.400000000;2;9454461055;B
20240123;100654;1444.400000000;25;9454461056;B
20240123;100654;1444.400000000;100;9454461057;B
20240123;100654;1444.400000000;100;9454461058;S
20240123;100654;1444.400000000;37;9454461059;S
20240123;100654;1444.400000000;4;9454461065;B
20240123;100655;1444.400000000;2;9454461161;B
20240123;100655;1444.200000000;10;9454461237;S
20240123;100658;1444.200000000;3;9454461542;B
20240123;100658;1444.200000000;5;9454461547;B
20240123;100658;1444.200000000;1;9454461549;B
20240123;100659;1444.200000000;100;9454461682;B
20240123;100700;1444.200000000;42;9454461904;B
20240123;100703;1444.200000000;50;9454462339;B
20240123;100705;1444.200000000;1;9454462501;B
20240123;100710;1444.200000000;3;9454463401;B
20240123;100711;1444.000000000;9;9454463768;S
20240123;100712;1444.200000000;75;9454463834;B
20240123;100712;1444.200000000;36;9454463835;B
20240123;100712;1444.200000000;64;9454463964;B
20240123;100712;1444.200000000;49;9454463965;B
20240123;100712;1444.200000000;1;9454463966;B
20240123;100712;1444.400000000;186;9454463967;B
20240123;100712;1444.200000000;42;9454463970;S
20240123;100714;1444.200000000;5;9454464228;S
20240123;100714;1444.200000000;2;9454464362;S
20240123;100716;1444.200000000;5;9454464700;S
20240123;100716;1444.400000000;10;9454464833;B
20240123;100721;1444.400000000;1;9454465605;B
20240123;100723;1444.400000000;1;9454465733;B
20240123;100723;1444.400000000;5;9454465754;B
20240123;100726;1444.400000000;5;9454466184;B
20240123;100727;1444.200000000;1;9454466262;S
20240123;100727;1444.200000000;2;9454466281;S
20240123;100727;1444.200000000;48;9454466282;S
20240123;100728;1444.400000000;1;9454466413;B
20240123;100730;1444.200000000;1;9454466543;S
20240123;100730;1444.200000000;9;9454466544;S
20240123;100733;1444.400000000;1;9454467056;B
20240123;100734;1444.200000000;1;9454467191;S
20240123;100734;1444.200000000;2;9454467192;S
20240123;100736;1444.200000000;1;9454467538;S
20240123;100736;1444.200000000;22;9454467539;S
20240123;100739;1444.200000000;20;9454467832;S
20240123;100741;1444.200000000;4;9454468249;S
20240123;100742;1444.400000000;2;9454468362;B
20240123;100744;1444.200000000;1;9454468661;S
20240123;100746;1444.400000000;1;9454468922;B
20240123;100747;1444.400000000;10;9454469047;B
20240123;100747;1444.400000000;234;9454469099;B
20240123;100747;1444.400000000;78;9454469100;B
20240123;100750;1444.200000000;2;9454469451;S
20240123;100754;1444.400000000;1;9454469860;B
20240123;100757;1444.400000000;8;9454470253;B
20240123;100758;1444.400000000;10;9454470499;B
20240123;100759;1444.400000000;3;9454470540;B
20240123;100759;1444.400000000;8;9454470541;B
20240123;100759;1444.400000000;20;9454470542;B
20240123;100759;1444.400000000;24;9454470543;B
20240123;100800;1444.200000000;2;9454470619;S
20240123;100800;1444.400000000;6;9454470866;B
20240123;100801;1444.400000000;1;9454470901;B
20240123;100803;1444.400000000;1;9454471250;B
20240123;100809;1444.400000000;50;9454472207;B
20240123;100810;1444.400000000;150;9454472411;B
20240123;100811;1444.400000000;10;9454472502;B
20240123;100812;1444.400000000;1;9454472767;B
20240123;100814;1444.400000000;2;9454473067;B
20240123;100815;1444.400000000;2;9454473171;B
20240123;100816;1444.400000000;1;9454473246;B
20240123;100818;1444.200000000;2;9454473568;S
20240123;100818;1444.200000000;48;9454473592;S
20240123;100818;1444.200000000;5;9454473593;S
20240123;100818;1444.200000000;5;9454473594;S
20240123;100818;1444.200000000;2;9454473595;S
20240123;100818;1444.200000000;62;9454473596;S
20240123;100818;1444.400000000;1;9454473608;B
20240123;100819;1444.400000000;10;9454473693;S
20240123;100819;1444.400000000;16;9454473738;S
20240123;100819;1444.400000000;5;9454473739;S
20240123;100821;1444.600000000;2;9454473982;B
20240123;100822;1444.600000000;1;9454474224;B
20240123;100823;1444.400000000;1;9454474441;S
20240123;100823;1444.400000000;40;9454474442;S
20240123;100823;1444.400000000;9;9454474443;S
20240123;100823;1444.200000000;1;9454474444;S
20240123;100823;1444.200000000;1;9454474445;S
20240123;100823;1444.200000000;2;9454474446;S
20240123;100823;1444.200000000;2;9454474447;S
20240123;100823;1444.200000000;104;9454474448;S
20240123;100823;1444.200000000;140;9454474449;S
20240123;100829;1444.200000000;138;9454475611;S
20240123;100829;1444.200000000;25;9454475612;S
20240123;100829;1444.200000000;194;9454475613;S
20240123;100829;1444.200000000;28;9454475614;S
20240123;100829;1444.200000000;5;9454475615;S
20240123;100829;1444.200000000;5;9454475616;S
20240123;100829;1444.200000000;1;9454475617;S
20240123;100829;1444.200000000;40;9454475618;S
20240123;100829;1444.200000000;104;9454475619;S
20240123;100830;1444.000000000;4;9454475774;S
20240123;100831;1444.200000000;60;9454475830;B
20240123;100831;1444.200000000;47;9454475831;B
20240123;100832;1444.400000000;56;9454476193;B
20240123;100838;1444.400000000;30;9454477035;B
20240123;100838;1444.400000000;30;9454477076;B
20240123;100841;1444.200000000;2;9454477586;S
20240123;100841;1444.200000000;6;9454477645;S
20240123;100842;1444.600000000;2;9454477663;B
20240123;100845;1444.200000000;10;9454478106;S
20240123;100846;1444.400000000;33;9454478190;B
20240123;100846;1444.400000000;2;9454478236;B
20240123;100847;1444.400000000;1;9454478351;B
20240123;100848;1444.200000000;1;9454478404;S
20240123;100848;1444.200000000;20;9454478405;S
20240123;100850;1444.200000000;2;9454478669;S
20240123;100851;1444.400000000;64;9454478828;B
20240123;100851;1444.600000000;39;9454478829;B
20240123;100851;1444.600000000;10;9454478830;B
20240123;100851;1444.600000000;1;9454478831;B
20240123;100851;1444.600000000;500;9454478832;B
20240123;100851;1444.600000000;75;9454478833;B
20240123;100851;1444.600000000;25;9454478834;B
20240123;100851;1444.600000000;40;9454478835;B
20240123;100851;1444.800000000;13;9454478836;B
20240123;100851;1444.800000000;10;9454478837;B
20240123;100851;1444.800000000;6;9454478838;B
20240123;100851;1444.800000000;15;9454478839;B
20240123;100851;1444.800000000;10;9454478840;B
20240123;100851;1444.800000000;192;9454478841;B
20240123;100851;1444.200000000;3;9454478876;S
20240123;100853;1444.800000000;308;9454479088;B
20240123;100853;1444.800000000;10;9454479089;B
20240123;100853;1444.800000000;24;9454479090;B
20240123;100853;1444.800000000;25;9454479091;B
20240123;100853;1444.800000000;1;9454479092;B
20240123;100853;1445.000000000;10;9454479093;B
20240123;100853;1445.000000000;10;9454479094;B
20240123;100853;1445.000000000;500;9454479095;B
20240123;100853;1445.000000000;3;9454479096;B
20240123;100853;1445.000000000;129;9454479097;B
20240123;100853;1445.000000000;13;9454479098;B
20240123;100853;1445.000000000;50;9454479099;B
20240123;100853;1445.000000000;40;9454479100;B
20240123;100853;1445.000000000;10;9454479101;B
20240123;100853;1445.000000000;1;9454479102;B
20240123;100853;1445.000000000;7;9454479103;B
20240123;100853;1445.000000000;10;9454479104;B
20240123;100853;1445.000000000;40;9454479105;B
20240123;100853;1445.000000000;112;9454479106;S
20240123;100854;1445.000000000;5;9454479291;S
20240123;100855;1445.200000000;1;9454479379;B
20240123;100855;1445.200000000;2;9454479380;B
20240123;100855;1445.200000000;1;9454479486;B
20240123;100856;1445.200000000;7;9454479546;B
20240123;100858;1445.200000000;19;9454479786;B
20240123;100858;1445.200000000;1;9454479787;B
20240123;100858;1445.200000000;7;9454479788;B
20240123;100900;1445.200000000;1;9454479997;B
20240123;100901;1445.000000000;2;9454480113;S
20240123;100906;1445.000000000;3;9454481159;S
20240123;100909;1445.200000000;1;9454481819;B
20240123;100909;1445.200000000;1;9454481821;B
20240123;100910;1445.200000000;7;9454481988;B
20240123;100911;1445.200000000;10;9454482150;B
20240123;100913;1445.000000000;1;9454482359;S
20240123;100913;1445.200000000;25;9454482418;B
20240123;100914;1445.200000000;1;9454482583;B
20240123;100917;1445.000000000;8;9454482896;S
20240123;100917;1445.200000000;55;9454482961;B
20240123;100917;1445.200000000;12;9454482962;B
20240123;100917;1445.200000000;1;9454482963;B
20240123;100917;1445.200000000;16;9454482964;B
20240123;100917;1445.000000000;4;9454482978;S
20240123;100918;1445.200000000;83;9454483056;B
20240123;100919;1445.200000000;1;9454483163;B
20240123;100921;1445.200000000;38;9454483572;B
20240123;100921;1445.200000000;67;9454483573;B
20240123;100922;1445.200000000;33;9454483609;B
20240123;100922;1445.200000000;14;9454483610;B
20240123;100922;1445.200000000;3;9454483611;B
20240123;100922;1445.200000000;1;9454483660;B
20240123;100923;1445.200000000;3;9454483674;B
20240123;100924;1445.000000000;9;9454483884;S
20240123;100925;1445.200000000;2;9454484039;B
20240123;100926;1445.200000000;5;9454484103;B
20240123;100928;1445.200000000;1;9454484370;B
20240123;100928;1445.200000000;1;9454484446;B
20240123;100929;1445.200000000;2;9454484594;B
20240123;100929;1445.200000000;22;9454484604;B
20240123;100929;1445.200000000;18;9454484605;B
20240123;100930;1445.000000000;20;9454484647;S
20240123;100932;1445.200000000;1;9454484934;B
20240123;100933;1445.200000000;1;9454485026;B
20240123;100934;1445.000000000;3;9454485215;S
20240123;100935;1445.000000000;50;9454485434;S
20240123;100935;1445.200000000;6;9454485441;B
20240123;100937;1445.200000000;1;9454485640;B
20240123;100938;1445.000000000;1;9454485710;S
20240123;100938;1445.200000000;1;9454485739;B
20240123;100938;1445.000000000;3;9454485772;S
20240123;100940;1445.200000000;48;9454485990;B
20240123;100940;1445.000000000;2;9454486044;S
20240123;100941;1445.200000000;3;9454486123;B
20240123;100948;1445.200000000;1;9454486995;B
20240123;100948;1445.200000000;5;9454487017;B
20240123;100948;1445.200000000;1;9454487032;B
20240123;100949;1445.200000000;3;9454487081;B
20240123;100949;1445.200000000;3;9454487129;B
20240123;100951;1445.200000000;2;9454487372;B
20240123;100952;1445.200000000;5;9454487630;B
20240123;100953;1445.200000000;1;9454487733;B
20240123;100953;1445.200000000;1;9454487734;B
20240123;100953;1445.000000000;86;9454487742;S
20240123;100953;1445.000000000;14;9454487743;S
20240123;100954;1445.200000000;5;9454487975;B
20240123;100956;1445.000000000;2;9454488238;S
20240123;100957;1445.200000000;1;9454488325;B
20240123;100957;1445.000000000;1;9454488336;S
20240123;100957;1445.200000000;5;9454488368;B
20240123;100957;1445.200000000;5;9454488369;B
20240123;101001;1445.200000000;2;9454488883;B
20240123;101001;1445.200000000;1;9454488884;B
20240123;101001;1445.200000000;2;9454488885;B
20240123;101001;1445.200000000;1;9454488914;B
20240123;101003;1445.000000000;15;9454489203;S
20240123;101004;1445.200000000;1;9454489332;B
20240123;101005;1445.200000000;3;9454489483;B
20240123;101006;1445.200000000;5;9454489627;B
20240123;101008;1445.200000000;30;9454489886;B
20240123;101009;1445.200000000;1;9454489950;B
20240123;101009;1445.200000000;3;9454489995;B
20240123;101010;1445.200000000;1;9454490151;B
20240123;101011;1445.200000000;5;9454490251;B
20240123;101013;1445.000000000;8;9454490447;S
20240123;101013;1445.000000000;10;9454490448;S
20240123;101013;1445.000000000;28;9454490449;S
20240123;101014;1445.000000000;10;9454490685;S
20240123;101015;1445.200000000;36;9454490710;B
20240123;101015;1445.200000000;64;9454490711;B
20240123;101015;1445.200000000;5;9454490757;B
20240123;101017;1445.200000000;1;9454491026;B
20240123;101017;1445.200000000;30;9454491058;B
20240123;101017;1445.200000000;1;9454491059;B
20240123;101017;1445.200000000;5;9454491060;B
20240123;101017;1445.400000000;8;9454491061;B
20240123;101018;1445.400000000;5;9454491107;B
20240123;101018;1445.400000000;10;9454491108;B
20240123;101018;1445.400000000;10;9454491109;B
20240123;101018;1445.400000000;45;9454491110;B
20240123;101019;1445.400000000;19;9454491206;B
20240123;101020;1445.200000000;2;9454491321;S
20240123;101024;1445.400000000;1;9454491760;B
20240123;101026;1445.400000000;5;9454492025;B
20240123;101027;1445.400000000;30;9454492161;B
20240123;101027;1445.400000000;75;9454492162;B
20240123;101029;1445.200000000;62;9454492514;S
20240123;101029;1445.200000000;37;9454492515;S
20240123;101029;1445.200000000;1;9454492516;S
20240123;101029;1445.000000000;7;9454492517;S
20240123;101029;1445.000000000;6;9454492518;S
20240123;101029;1445.400000000;6;9454492570;B
20240123;101030;1445.400000000;3;9454492684;B
20240123;101032;1445.400000000;1;9454492942;B
20240123;101033;1445.400000000;35;9454493232;B
20240123;101034;1445.400000000;1;9454493279;B
20240123;101036;1445.400000000;5;9454493580;B
20240123;101036;1445.400000000;1;9454493582;B
20240123;101036;1445.400000000;1;9454493681;B
20240123;101036;1445.400000000;1;9454493712;B
20240123;101036;1445.200000000;3;9454493744;S
20240123;101038;1445.200000000;1;9454493946;S
20240123;101039;1445.400000000;1;9454494123;B
20240123;101040;1445.400000000;2;9454494200;B
20240123;101040;1445.400000000;1;9454494202;B
20240123;101041;1445.400000000;1;9454494287;B
20240123;101042;1445.400000000;5;9454494363;B
20240123;101044;1445.400000000;2;9454494629;B
20240123;101045;1445.400000000;27;9454494836;B
20240123;101046;1445.400000000;3;9454494841;B
20240123;101049;1445.400000000;4;9454495201;B
20240123;101049;1445.400000000;92;9454495202;B
20240123;101049;1445.600000000;1;9454495203;B
20240123;101050;1445.600000000;260;9454495230;B
20240123;101050;1445.600000000;5;9454495284;B
20240123;101051;1445.600000000;28;9454495355;B
20240123;101052;1445.600000000;10;9454495495;B
20240123;101053;1445.600000000;317;9454495530;B
20240123;101053;1445.600000000;1;9454495531;B
20240123;101053;1445.600000000;10;9454495532;B
20240123;101053;1445.600000000;49;9454495533;B
20240123;101053;1445.600000000;2;9454495535;B
20240123;101053;1445.600000000;10;9454495579;B
20240123;101053;1445.600000000;100;9454495580;B
20240123;101053;1445.600000000;25;9454495581;B
20240123;101053;1445.600000000;100;9454495582;B
20240123;101053;1445.800000000;25;9454495583;B
20240123;101053;1445.600000000;359;9454495584;S
20240123;101053;1445.600000000;36;9454495585;S
20240123;101054;1445.600000000;6;9454495696;B
20240123;101054;1445.600000000;5;9454495704;B
20240123;101055;1445.400000000;94;9454495902;S
20240123;101055;1445.400000000;10;9454495903;S
20240123;101055;1445.200000000;2;9454495904;S
20240123;101055;1445.200000000;15;9454495905;S
20240123;101056;1445.400000000;5;9454496092;B
20240123;101058;1445.200000000;1;9454496249;S
20240123;101058;1445.200000000;10;9454496285;S
20240123;101102;1445.400000000;1;9454496796;B
20240123;101104;1445.200000000;9;9454496943;S
20240123;101106;1445.400000000;4;9454497079;B
20240123;101107;1445.400000000;1;9454497176;B
20240123;101107;1445.400000000;8;9454497200;B
20240123;101108;1445.200000000;1;9454497287;S
20240123;101109;1445.400000000;3;9454497414;B
20240123;101109;1445.400000000;78;9454497463;B
20240123;101109;1445.400000000;72;9454497464;B
20240123;101110;1445.400000000;1;9454497493;B
20240123;101110;1445.400000000;1;9454497496;B
20240123;101110;1445.400000000;1;9454497553;B
20240123;101111;1445.200000000;11;9454497588;S
20240123;101112;1445.400000000;20;9454497669;B
20240123;101112;1445.400000000;5;9454497697;B
20240123;101112;1445.400000000;1;9454497698;B
20240123;101113;1445.400000000;1;9454497763;B
20240123;101113;1445.400000000;4;9454497809;B
20240123;101113;1445.400000000;5;9454497810;B
20240123;101113;1445.400000000;41;9454497811;B
20240123;101117;1445.400000000;59;9454498119;B
20240123;101117;1445.400000000;3;9454498120;B
20240123;101117;1445.400000000;11;9454498129;S
20240123;101118;1445.600000000;94;9454498238;B
20240123;101118;1445.600000000;56;9454498239;B
20240123;101118;1445.600000000;13;9454498240;B
20240123;101119;1445.400000000;3;9454498527;S
20240123;101120;1445.400000000;11;9454498683;S
20240123;101120;1445.400000000;2;9454498876;S
20240123;101120;1445.600000000;2;9454498914;B
20240123;101120;1445.600000000;150;9454498915;B
20240123;101122;1445.400000000;11;9454499197;S
20240123;101123;1445.400000000;80;9454499290;S
20240123;101124;1445.400000000;11;9454499355;S
20240123;101124;1445.600000000;8;9454499519;B
20240123;101126;1445.400000000;11;9454499706;S
20240123;101128;1445.600000000;6;9454499906;B
20240123;101128;1445.600000000;1;9454500180;B
20240123;101129;1445.600000000;3;9454500246;B
20240123;101130;1445.600000000;2;9454500404;B
20240123;101130;1445.400000000;72;9454500405;S
20240123;101132;1445.600000000;1;9454500692;B
20240123;101133;1445.400000000;11;9454500740;S
20240123;101134;1445.600000000;5;9454500818;B
20240123;101135;1445.600000000;118;9454501059;B
20240123;101136;1445.600000000;135;9454501172;B
20240123;101136;1445.600000000;15;9454501173;B
20240123;101137;1445.400000000;8;9454501246;S
20240123;101145;1445.800000000;10;9454502217;B
20240123;101146;1445.800000000;3;9454502324;B
20240123;101147;1445.800000000;2;9454502484;B
20240123;101147;1445.600000000;1;9454502518;S
20240123;101147;1445.800000000;1;9454502572;B
20240123;101149;1445.600000000;1;9454502753;S
20240123;101150;1445.800000000;2;9454502912;B
20240123;101152;1445.800000000;4;9454503153;B
20240123;101152;1445.800000000;3;9454503199;B
20240123;101155;1445.800000000;1;9454503599;B
20240123;101156;1445.600000000;10;9454503742;S
20240123;101158;1445.800000000;1;9454504062;B
20240123;101158;1445.800000000;3;9454504096;B
20240123;101202;1445.800000000;27;9454504472;B
20240123;101202;1445.800000000;100;9454504473;B
20240123;101202;1445.800000000;8;9454504474;B
20240123;101202;1445.800000000;2;9454504475;B
20240123;101202;1446.000000000;112;9454504476;B
20240123;101202;1446.000000000;5;9454504477;B
20240123;101202;1446.000000000;57;9454504478;B
20240123;101202;1446.000000000;38;9454504479;B
20240123;101202;1446.000000000;1;9454504480;B
20240123;101202;1446.000000000;5;9454504547;B
20240123;101202;1446.000000000;3;9454504548;B
20240123;101202;1446.000000000;30;9454504566;B
20240123;101203;1446.000000000;1;9454504639;B
20240123;101205;1446.000000000;65;9454504931;B
20240123;101205;1446.200000000;83;9454504932;B
20240123;101205;1446.000000000;1;9454504933;S
20240123;101206;1446.200000000;34;9454505043;B
20240123;101206;1446.200000000;5;9454505140;B
20240123;101206;1446.200000000;5;9454505187;B
20240123;101207;1446.200000000;1;9454505278;B
20240123;101207;1446.200000000;124;9454505339;B
20240123;101207;1446.200000000;76;9454505340;B
20240123;101209;1446.200000000;1;9454505507;B
20240123;101209;1446.000000000;2;9454505537;S
20240123;101211;1446.200000000;23;9454505994;B
20240123;101211;1446.400000000;78;9454505995;B
20240123;101211;1446.600000000;1;9454505996;B
20240123;101211;1446.600000000;70;9454505997;B
20240123;101212;1446.400000000;51;9454506073;B
20240123;101212;1446.400000000;30;9454506117;B
20240123;101212;1446.000000000;10;9454506118;S
20240123;101213;1446.400000000;1;9454506193;B
20240123;101216;1446.400000000;18;9454506618;B
20240123;101216;1446.400000000;100;9454506619;B
20240123;101216;1446.600000000;450;9454506620;B
20240123;101216;1446.600000000;25;9454506621;B
20240123;101216;1446.600000000;34;9454506622;B
20240123;101216;1446.800000000;10;9454506623;B
20240123;101216;1446.800000000;70;9454506624;B
20240123;101216;1446.800000000;15;9454506625;B
20240123;101216;1446.800000000;48;9454506626;B
20240123;101218;1447.000000000;20;9454506790;B
20240123;101219;1447.000000000;1;9454506874;B
20240123;101220;1446.800000000;8;9454506986;S
20240123;101220;1447.000000000;5;9454507004;B
20240123;101221;1447.000000000;3;9454507055;B
20240123;101224;1447.000000000;1;9454507430;B
20240123;101224;1446.800000000;100;9454507463;S
20240123;101225;1447.000000000;1;9454507575;B
20240123;101226;1447.000000000;150;9454507664;B
20240123;101229;1447.000000000;19;9454508068;B
20240123;101229;1447.000000000;1;9454508069;B
20240123;101232;1447.000000000;1;9454508397;B
20240123;101232;1447.000000000;4;9454508430;B
20240123;101234;1447.000000000;1;9454508575;B
20240123;101234;1447.000000000;1;9454508646;B
20240123;101235;1447.000000000;7;9454508734;B
20240123;101235;1447.000000000;4;9454508759;B
20240123;101235;1447.000000000;1;9454508779;B
20240123;101235;1447.000000000;2;9454508795;B
20240123;101235;1447.000000000;1;9454508796;B
20240123;101236;1446.800000000;1;9454508824;S
20240123;101236;1447.000000000;20;9454508837;B
20240123;101237;1447.000000000;9;9454509098;B
20240123;101237;1447.000000000;10;9454509099;B
20240123;101237;1447.000000000;1;9454509100;B
20240123;101237;1447.000000000;100;9454509101;B
20240123;101237;1447.000000000;57;9454509102;B
20240123;101237;1447.000000000;4;9454509103;B
20240123;101237;1447.200000000;168;9454509104;B
20240123;101237;1447.200000000;25;9454509105;B
20240123;101237;1447.200000000;64;9454509106;B
20240123;101238;1447.200000000;1;9454509182;B
20240123;101240;1447.200000000;1;9454509557;B
20240123;101241;1447.200000000;2;9454509623;B
20240123;101243;1447.200000000;32;9454509852;B
20240123;101243;1447.200000000;45;9454509853;B
20240123;101244;1447.200000000;1;9454509946;B
20240123;101244;1447.200000000;1;9454509952;B
20240123;101245;1447.200000000;1;9454510075;B
20240123;101247;1447.200000000;1;9454510226;B
20240123;101249;1447.200000000;1;9454510353;B
20240123;101250;1447.000000000;19;9454510603;S
20240123;101250;1447.000000000;1;9454510604;S
20240123;101251;1447.200000000;10;9454510724;B
20240123;101257;1447.200000000;3;9454511276;B
20240123;101258;1447.200000000;1;9454511438;B
20240123;101258;1447.200000000;4;9454511474;B
20240123;101300;1447.000000000;3;9454511646;S
20240123;101302;1447.200000000;2;9454511777;B
20240123;101303;1447.000000000;3;9454511897;S
20240123;101303;1447.000000000;2;9454511898;S
20240123;101303;1447.000000000;3;9454511899;S
20240123;101303;1447.000000000;32;9454511900;S
20240123;101303;1447.000000000;4;9454511920;B
20240123;101305;1447.000000000;1;9454512161;B
20240123;101306;1447.000000000;14;9454512322;B
20240123;101307;1447.000000000;1;9454512442;B
20240123;101308;1446.800000000;121;9454512525;S
20240123;101308;1446.800000000;1;9454512526;S
20240123;101308;1447.000000000;3;9454512529;B
20240123;101308;1447.000000000;1;9454512593;B
20240123;101308;1446.800000000;30;9454512596;S
20240123;101308;1447.000000000;1;9454512627;B
20240123;101308;1447.000000000;5;9454512635;B
20240123;101310;1447.000000000;20;9454512767;B
20240123;101310;1447.000000000;1;9454512769;B
20240123;101310;1447.000000000;3;9454512800;B
20240123;101311;1446.800000000;10;9454512903;S
20240123;101311;1446.800000000;6;9454512904;S
20240123;101311;1446.800000000;15;9454512905;S
20240123;101311;1446.800000000;3;9454512906;S
20240123;101311;1446.800000000;6;9454512907;S
20240123;101311;1446.800000000;31;9454512908;S
20240123;101311;1446.600000000;34;9454512925;B
20240123;101311;1446.600000000;1;9454512928;B
20240123;101314;1446.600000000;4;9454513245;B
20240123;101315;1446.200000000;3;9454513387;S
20240123;101315;1446.600000000;1;9454513393;B
20240123;101316;1446.600000000;3;9454513499;B
20240123;101318;1446.600000000;5;9454513739;B
20240123;101321;1446.600000000;1;9454514116;B
20240123;101323;1446.400000000;1;9454514360;S
20240123;101323;1446.600000000;10;9454514366;B
20240123;101324;1446.600000000;37;9454514424;B
20240123;101324;1446.200000000;12;9454514478;S
20240123;101324;1446.200000000;1;9454514479;S
20240123;101324;1446.000000000;15;9454514480;S
20240123;101329;1446.600000000;1;9454515293;B
20240123;101329;1446.800000000;1;9454515294;B
20240123;101330;1446.800000000;14;9454515420;B
20240123;101332;1446.800000000;1;9454515600;B
20240123;101333;1446.600000000;1;9454515684;S
20240123;101333;1446.400000000;2;9454515707;S
20240123;101333;1446.600000000;2;9454515710;B
20240123;101333;1446.800000000;5;9454515711;B
20240123;101338;1446.800000000;10;9454516316;B
20240123;101340;1446.800000000;121;9454516513;B
20240123;101340;1446.800000000;1;9454516514;B
20240123;101340;1446.800000000;1;9454516515;B
20240123;101340;1446.800000000;104;9454516516;B
20240123;101340;1446.800000000;25;9454516517;B
20240123;101340;1447.000000000;26;9454516518;B
20240123;101340;1447.000000000;1;9454516519;B
20240123;101340;1447.000000000;7;9454516520;B
20240123;101340;1447.000000000;14;9454516521;B
20240123;101340;1447.000000000;10;9454516551;B
20240123;101343;1446.000000000;7;9454516873;S
20240123;101343;1446.000000000;1;9454516874;S
20240123;101343;1446.800000000;15;9454516878;B
20240123;101343;1447.000000000;3;9454516879;B
20240123;101345;1447.000000000;1;9454517111;B
20240123;101345;1447.000000000;2;9454517114;B
20240123;101345;1447.000000000;29;9454517115;B
20240123;101345;1447.200000000;26;9454517116;B
20240123;101346;1447.200000000;2;9454517250;B
20240123;101347;1447.200000000;2;9454517342;B
20240123;101347;1447.200000000;1;9454517343;B
20240123;101347;1447.200000000;19;9454517344;B
20240123;101349;1446.800000000;1;9454517483;S
20240123;101350;1446.800000000;12;9454517617;S
20240123;101352;1447.200000000;11;9454518144;B
20240123;101352;1447.200000000;19;9454518145;B
20240123;101352;1447.000000000;1;9454518146;S
20240123;101355;1447.200000000;1;9454518484;B
20240123;101356;1447.200000000;50;9454518645;B
20240123;101357;1446.800000000;1;9454518740;S
20240123;101357;1447.200000000;130;9454518807;B
20240123;101357;1447.200000000;25;9454518808;B
20240123;101357;1447.200000000;29;9454518809;B
20240123;101357;1447.200000000;1;9454518810;B
20240123;101357;1447.400000000;55;9454518811;B
20240123;101357;1447.400000000;33;9454518812;B
20240123;101357;1447.400000000;1;9454518813;B
20240123;101357;1447.400000000;20;9454518814;B
20240123;101357;1447.400000000;110;9454518815;B
20240123;101357;1447.600000000;300;9454518816;B
20240123;101357;1447.600000000;30;9454518817;B
20240123;101357;1447.600000000;55;9454518818;B
20240123;101357;1447.600000000;1;9454518819;B
20240123;101357;1447.600000000;30;9454518820;B
20240123;101357;1447.600000000;5;9454518821;S
20240123;101358;1447.600000000;25;9454518884;S
20240123;101358;1447.800000000;3;9454518923;B
20240123;101358;1447.800000000;1;9454518924;B
20240123;101359;1447.600000000;1;9454518991;S
20240123;101359;1447.600000000;23;9454519078;S
20240123;101359;1447.600000000;1;9454519085;S
20240123;101400;1447.600000000;31;9454519275;S
20240123;101400;1447.200000000;4;9454519283;S
20240123;101400;1447.000000000;25;9454519284;S
20240123;101400;1447.000000000;104;9454519285;S
20240123;101400;1447.000000000;29;9454519286;S
20240123;101400;1446.800000000;6;9454519287;S
20240123;101400;1446.800000000;9;9454519288;S
20240123;101400;1446.800000000;1;9454519289;S
20240123;101400;1446.800000000;25;9454519290;S
20240123;101400;1446.800000000;55;9454519291;S
20240123;101400;1446.800000000;10;9454519292;S
20240123;101400;1446.600000000;32;9454519293;S
20240123;101400;1447.600000000;1;9454519352;B
20240123;101411;1447.200000000;1;9454520776;B
20240123;101415;1447.200000000;54;9454521079;B
20240123;101416;1447.200000000;1;9454521258;S
20240123;101416;1447.000000000;10;9454521259;S
20240123;101416;1447.000000000;20;9454521260;S
20240123;101416;1447.000000000;25;9454521261;S
20240123;101416;1447.000000000;6;9454521284;B
20240123;101416;1447.000000000;15;9454521300;B
20240123;101419;1447.000000000;1;9454521755;B
20240123;101420;1447.000000000;22;9454521884;B
20240123;101420;1447.200000000;27;9454521885;B
20240123;101420;1447.200000000;1;9454521886;B
20240123;101420;1447.400000000;6;9454521983;B
20240123;101424;1447.400000000;1;9454522693;B
20240123;101425;1447.400000000;4;9454522792;S
20240123;101425;1447.400000000;36;9454522793;S
20240123;101432;1447.600000000;1;9454523724;B
20240123;101433;1447.600000000;5;9454523789;B
20240123;101433;1447.600000000;1;9454523790;B
20240123;101433;1447.800000000;24;9454523791;B
20240123;101433;1447.800000000;1;9454523888;B
20240123;101434;1447.600000000;1;9454523949;S
20240123;101435;1447.800000000;1;9454524097;B
20240123;101436;1447.800000000;1;9454524267;B
20240123;101443;1447.800000000;172;9454524937;B
20240123;101443;1447.800000000;1;9454524938;B
20240123;101443;1447.800000000;10;9454524939;B
20240123;101443;1447.800000000;1;9454524940;B
20240123;101443;1448.000000000;25;9454524941;B
20240123;101443;1448.000000000;8;9454524942;B
20240123;101443;1448.000000000;10;9454524943;B
20240123;101443;1448.000000000;200;9454524944;B
20240123;101443;1448.000000000;2;9454524945;B
20240123;101443;1448.000000000;165;9454524946;B
20240123;101443;1448.000000000;2;9454524947;B
20240123;101443;1448.000000000;1;9454524948;B
20240123;101443;1448.000000000;5;9454524949;B
20240123;101443;1448.000000000;19;9454524950;B
20240123;101443;1448.000000000;75;9454524951;B
20240123;101443;1448.000000000;25;9454524952;B
20240123;101443;1448.000000000;3;9454524953;B
20240123;101443;1448.000000000;27;9454524954;B
20240123;101443;1448.200000000;8;9454524995;B
20240123;101443;1448.200000000;1;9454524996;B
20240123;101443;1448.200000000;1;9454524997;B
20240123;101444;1448.000000000;10;9454525028;S
20240123;101444;1448.200000000;3;9454525040;B
20240123;101444;1448.200000000;12;9454525041;B
20240123;101444;1448.200000000;36;9454525105;B
20240123;101444;1448.200000000;10;9454525106;B
20240123;101444;1448.400000000;9;9454525107;B
20240123;101444;1448.400000000;20;9454525111;B
20240123;101444;1448.400000000;1;9454525116;B
20240123;101444;1448.400000000;5;9454525118;B
20240123;101446;1448.200000000;1;9454525318;S
20240123;101446;1448.400000000;65;9454525358;B
20240123;101447;1448.400000000;2;9454525400;B
20240123;101447;1448.400000000;5;9454525416;B
20240123;101448;1448.400000000;4;9454525494;B
20240123;101448;1448.400000000;2;9454525502;B
20240123;101449;1448.400000000;57;9454525549;B
20240123;101449;1448.400000000;1;9454525550;B
20240123;101450;1448.400000000;1;9454526027;B
20240123;101451;1448.400000000;2;9454526245;B
20240123;101452;1448.200000000;7;9454526524;S
20240123;101452;1448.400000000;3;9454526530;B
20240123;101453;1448.400000000;3;9454526658;B
20240123;101453;1448.400000000;2;9454526678;B
20240123;101453;1448.400000000;2;9454526701;B
20240123;101454;1448.200000000;15;9454526818;S
20240123;101455;1448.200000000;81;9454526823;S
20240123;101455;1448.200000000;6;9454526824;S
20240123;101455;1448.200000000;10;9454526825;S
20240123;101455;1448.200000000;3;9454526826;S
20240123;101455;1448.200000000;17;9454526827;S
20240123;101455;1448.000000000;239;9454526828;S
20240123;101455;1448.000000000;3;9454526829;S
20240123;101455;1448.000000000;1;9454526835;B
20240123;101455;1448.000000000;10;9454526864;B
20240123;101458;1448.400000000;30;9454527285;B
20240123;101500;1448.400000000;1;9454527582;B
20240123;101500;1448.000000000;1;9454527594;S
20240123;101500;1448.400000000;5;9454527653;B
20240123;101500;1448.000000000;2;9454527657;S
20240123;101502;1448.200000000;2;9454527857;S
20240123;101502;1448.000000000;8;9454527858;S
20240123;101502;1448.000000000;1;9454527880;S
20240123;101502;1447.800000000;1;9454527881;S
20240123;101502;1447.800000000;1;9454527882;S
20240123;101502;1447.600000000;1;9454527883;S
20240123;101502;1447.600000000;25;9454527884;S
20240123;101502;1447.600000000;1;9454527885;S
20240123;101502;1447.600000000;1;9454527899;S
20240123;101504;1447.400000000;1;9454528310;S
20240123;101506;1448.000000000;10;9454528739;B
20240123;101509;1448.000000000;1;9454529446;B
20240123;101509;1448.200000000;4;9454529447;B
20240123;101510;1448.200000000;87;9454529503;B
20240123;101510;1448.200000000;100;9454529549;B
20240123;101513;1448.200000000;25;9454530036;B
20240123;101514;1448.000000000;1;9454530249;B
20240123;101514;1448.000000000;20;9454530271;S
20240123;101515;1448.200000000;2;9454530378;S
20240123;101516;1448.200000000;2;9454530608;S
20240123;101517;1448.200000000;1;9454530696;S
20240123;101517;1448.400000000;80;9454530799;B
20240123;101517;1448.400000000;100;9454530800;B
20240123;101517;1448.400000000;1;9454530801;B
20240123;101517;1448.400000000;75;9454530802;B
20240123;101517;1448.400000000;1;9454530803;B
20240123;101517;1448.400000000;25;9454530804;B
20240123;101517;1448.400000000;1;9454530805;B
20240123;101517;1448.400000000;100;9454530806;B
20240123;101517;1448.400000000;26;9454530807;B
20240123;101517;1448.400000000;25;9454530808;B
20240123;101518;1448.600000000;4;9454530903;B
20240123;101518;1448.600000000;13;9454530904;B
20240123;101518;1448.200000000;7;9454530954;S
20240123;101521;1448.200000000;30;9454531475;S
20240123;101522;1448.200000000;62;9454531588;S
20240123;101522;1448.000000000;226;9454531589;S
20240123;101525;1448.000000000;3;9454532037;S
20240123;101526;1448.000000000;1;9454532270;S
20240123;101526;1448.200000000;2;9454532352;B
20240123;101527;1448.200000000;34;9454532574;B
20240123;101527;1448.200000000;5;9454532598;B
20240123;101528;1448.200000000;1;9454532798;B
20240123;101528;1448.000000000;7;9454532823;S
20240123;101530;1448.000000000;2;9454533060;S
20240123;101535;1448.000000000;9;9454533978;S
20240123;101535;1448.000000000;1;9454534044;S
20240123;101536;1448.200000000;7;9454534147;B
20240123;101537;1448.000000000;1;9454534423;S
20240123;101538;1448.000000000;1;9454534558;S
20240123;101539;1448.000000000;1;9454534823;S
20240123;101540;1448.000000000;1;9454534976;S
20240123;101541;1448.000000000;1;9454535207;S
20240123;101542;1448.000000000;20;9454535343;S
20240123;101542;1448.000000000;1;9454535396;S
20240123;101543;1448.000000000;1;9454535528;S
20240123;101545;1448.200000000;2;9454535998;B
20240123;101547;1448.200000000;1;9454536273;B
20240123;101547;1448.000000000;4;9454536284;S
20240123;101549;1448.200000000;2;9454536798;B
20240123;101549;1448.200000000;5;9454536818;B
20240123;101550;1448.000000000;1;9454536917;S
20240123;101551;1448.200000000;1;9454537071;B
20240123;101553;1448.200000000;10;9454537367;B
20240123;101554;1448.200000000;10;9454537504;B
20240123;101557;1448.000000000;30;9454538230;S
20240123;101557;1448.000000000;100;9454538263;S
20240123;101558;1448.000000000;1;9454538471;S
20240123;101558;1448.000000000;1;9454538494;S
20240123;101558;1448.200000000;1;9454538508;B
20240123;101600;1448.000000000;1;9454538879;S
20240123;101602;1448.200000000;20;9454539122;B
20240123;101602;1448.000000000;65;9454539149;S
20240123;101602;1448.000000000;150;9454539150;S
20240123;101602;1448.000000000;1;9454539151;S
20240123;101602;1448.000000000;2;9454539152;S
20240123;101602;1448.000000000;1;9454539153;S
20240123;101602;1448.000000000;7;9454539154;S
20240123;101602;1448.000000000;13;9454539157;S
20240123;101602;1448.000000000;137;9454539158;S
20240123;101602;1447.800000000;26;9454539336;B
20240123;101602;1448.000000000;14;9454539337;B
20240123;101602;1448.000000000;90;9454539341;B
20240123;101602;1448.200000000;99;9454539342;B
20240123;101602;1448.200000000;1;9454539343;B
20240123;101602;1448.200000000;1;9454539344;B
20240123;101602;1448.200000000;80;9454539345;B
20240123;101602;1448.200000000;10;9454539346;B
20240123;101602;1448.200000000;25;9454539347;B
20240123;101602;1448.200000000;138;9454539348;B
20240123;101602;1448.200000000;75;9454539349;B
20240123;101602;1448.200000000;26;9454539350;B
20240123;101602;1448.200000000;455;9454539351;S
20240123;101606;1447.600000000;148;9454539973;S
20240123;101606;1447.600000000;39;9454539974;S
20240123;101608;1447.800000000;20;9454540493;B
20240123;101608;1447.400000000;1;9454540508;S
20240123;101608;1448.000000000;6;9454540597;B
20240123;101610;1448.000000000;1;9454540872;B
20240123;101611;1448.000000000;97;9454541182;B
20240123;101611;1448.000000000;26;9454541183;B
20240123;101611;1448.000000000;7;9454541184;S
20240123;101612;1447.600000000;1;9454541258;S
20240123;101612;1448.000000000;2;9454541279;B
20240123;101614;1448.000000000;102;9454541577;B
20240123;101614;1448.000000000;26;9454541578;B
20240123;101614;1448.000000000;2;9454541579;S
20240123;101615;1448.000000000;13;9454541811;B
20240123;101621;1447.400000000;100;9454542958;S
20240123;101623;1447.400000000;92;9454543156;S
20240123;101623;1447.400000000;25;9454543157;S
20240123;101623;1447.400000000;3;9454543158;S
20240123;101623;1447.400000000;216;9454543159;S
20240123;101623;1447.200000000;164;9454543160;S
20240123;101626;1447.400000000;5;9454543774;S
20240123;101626;1447.200000000;8;9454543775;S
20240123;101627;1447.600000000;1;9454543883;B
20240123;101628;1447.200000000;20;9454544005;S
20240123;101628;1447.600000000;7;9454544086;B
20240123;101629;1447.600000000;1;9454544220;B
20240123;101631;1447.400000000;5;9454544364;S
20240123;101631;1447.400000000;1;9454544420;B
20240123;101631;1447.400000000;1;9454544441;B
20240123;101634;1447.200000000;3;9454544863;S
20240123;101636;1447.200000000;72;9454545146;S
20240123;101637;1447.600000000;1;9454545201;B
20240123;101637;1447.200000000;1;9454545291;S
20240123;101643;1447.600000000;1;9454546222;B
20240123;101647;1447.200000000;10;9454547056;S
20240123;101648;1447.200000000;70;9454547156;S
20240123;101652;1447.400000000;1;9454547758;B
20240123;101652;1447.200000000;7;9454547789;S
20240123;101656;1447.600000000;1;9454548273;B
20240123;101657;1447.600000000;2;9454548356;B
20240123;101703;1447.200000000;95;9454549324;S
20240123;101703;1447.200000000;1;9454549325;S
20240123;101703;1447.200000000;10;9454549326;S
20240123;101703;1447.200000000;1;9454549327;S
20240123;101703;1447.000000000;464;9454549343;S
20240123;101703;1447.000000000;36;9454549344;S
20240123;101703;1447.000000000;2;9454549345;S
20240123;101703;1447.000000000;4;9454549346;S
20240123;101703;1447.200000000;4;9454549423;B
20240123;101704;1447.000000000;29;9454549683;S
20240123;101706;1447.200000000;2;9454549986;B
20240123;101706;1447.000000000;3;9454550011;S
20240123;101707;1447.200000000;4;9454550199;B
20240123;101708;1447.200000000;10;9454550380;B
20240123;101708;1447.200000000;10;9454550445;B
20240123;101709;1447.000000000;1;9454550633;S
20240123;101712;1447.200000000;3;9454551056;B
20240123;101713;1447.200000000;2;9454551180;B
20240123;101713;1447.200000000;1;9454551249;B
20240123;101714;1447.000000000;170;9454551352;S
20240123;101714;1447.000000000;1;9454551353;S
20240123;101714;1447.000000000;1;9454551354;S
20240123;101714;1447.000000000;1;9454551355;S
20240123;101714;1447.000000000;50;9454551356;S
20240123;101714;1447.000000000;5;9454551357;S
20240123;101714;1447.000000000;7;9454551358;S
20240123;101714;1447.000000000;1;9454551359;S
20240123;101714;1446.800000000;18;9454551360;S
20240123;101714;1446.800000000;7;9454551361;S
20240123;101714;1446.600000000;1;9454551362;S
20240123;101714;1446.600000000;5;9454551363;S
20240123;101714;1446.600000000;1;9454551364;S
20240123;101714;1446.400000000;10;9454551368;S
20240123;101714;1446.400000000;2;9454551369;S
20240123;101714;1446.400000000;1;9454551370;S
20240123;101714;1446.600000000;1;9454551406;B
20240123;101714;1446.200000000;20;9454551408;S
20240123;101716;1446.200000000;2;9454551637;B
20240123;101716;1446.000000000;4;9454551659;S
20240123;101716;1446.000000000;3;9454551660;S
20240123;101716;1446.000000000;2;9454551661;S
20240123;101716;1446.000000000;3;9454551662;S
20240123;101716;1446.000000000;3;9454551663;S
20240123;101716;1446.000000000;1;9454551664;S
20240123;101716;1446.000000000;11;9454551665;S
20240123;101716;1446.000000000;5;9454551666;S
20240123;101716;1446.000000000;1;9454551667;S
20240123;101716;1446.000000000;61;9454551668;S
20240123;101718;1446.200000000;1;9454551859;B
20240123;101718;1446.200000000;1;9454551912;B
20240123;101719;1446.200000000;1;9454551967;B
20240123;101719;1446.200000000;1;9454552051;B
20240123;101726;1446.000000000;4;9454553053;S
20240123;101727;1446.200000000;20;9454553192;B
20240123;101727;1446.200000000;11;9454553212;B
20240123;101727;1446.200000000;25;9454553223;B
20240123;101728;1446.200000000;1;9454553263;B
20240123;101729;1446.200000000;19;9454553380;B
20240123;101729;1446.200000000;6;9454553381;B
20240123;101730;1446.200000000;1;9454553456;B
20240123;101731;1446.200000000;3;9454553600;B
20240123;101732;1446.400000000;1;9454553724;B
20240123;101732;1446.400000000;1;9454553725;B
20240123;101732;1446.400000000;1;9454553726;B
20240123;101733;1446.400000000;1;9454553784;B
20240123;101734;1446.200000000;1;9454554025;S
20240123;101740;1446.200000000;21;9454555282;S
20240123;101742;1446.400000000;1;9454555599;B
20240123;101742;1446.400000000;1;9454555600;B
20240123;101745;1446.600000000;3;9454555963;B
20240123;101746;1446.600000000;2;9454556052;B
20240123;101749;1446.600000000;1;9454556293;B
20240123;101749;1446.600000000;2;9454556304;B
20240123;101758;1446.600000000;20;9454557319;B
20240123;101803;1446.200000000;1;9454557763;S
20240123;101803;1446.200000000;10;9454557764;S
20240123;101805;1446.800000000;40;9454558021;B
20240123;101809;1446.200000000;15;9454558458;S
20240123;101809;1446.200000000;2;9454558459;S
20240123;101809;1446.200000000;1;9454558460;S
20240123;101816;1446.200000000;1;9454559118;S
20240123;101816;1446.200000000;1;9454559119;S
20240123;101816;1446.200000000;1;9454559120;S
20240123;101820;1446.200000000;2;9454559464;S
20240123;101820;1446.200000000;1;9454559465;S
20240123;101820;1446.200000000;1;9454559466;S
20240123;101821;1446.600000000;1;9454559565;B
20240123;101822;1446.000000000;1;9454559739;S
20240123;101824;1446.600000000;1;9454559945;B
20240123;101829;1446.000000000;34;9454560445;S
20240123;101829;1446.000000000;4;9454560446;S
20240123;101829;1446.000000000;1;9454560447;S
20240123;101829;1446.000000000;30;9454560448;S
20240123;101829;1446.000000000;2;9454560449;S
20240123;101829;1446.000000000;4;9454560450;S
20240123;101829;1446.000000000;163;9454560451;S
20240123;101829;1445.800000000;13;9454560452;S
20240123;101829;1445.800000000;2;9454560453;S
20240123;101829;1445.800000000;1;9454560454;S
20240123;101829;1445.800000000;24;9454560455;S
20240123;101829;1445.800000000;16;9454560456;S
20240123;101829;1445.800000000;25;9454560457;S
20240123;101829;1445.800000000;55;9454560458;S
20240123;101829;1445.800000000;23;9454560459;S
20240123;101829;1445.800000000;41;9454560460;S
20240123;101829;1445.600000000;200;9454560461;S
20240123;101829;1445.600000000;1;9454560462;S
20240123;101829;1445.600000000;1;9454560463;S
20240123;101829;1445.600000000;1;9454560464;S
20240123;101829;1445.600000000;55;9454560465;S
20240123;101829;1445.600000000;25;9454560466;S
20240123;101829;1445.400000000;1;9454560467;S
20240123;101829;1445.400000000;1;9454560468;S
20240123;101829;1445.400000000;1;9454560469;S
20240123;101829;1445.400000000;2;9454560470;S
20240123;101829;1445.400000000;55;9454560471;S
20240123;101829;1445.400000000;138;9454560472;S
20240123;101829;1445.400000000;1;9454560473;S
20240123;101829;1445.200000000;1;9454560474;S
20240123;101829;1445.200000000;1;9454560475;S
20240123;101829;1445.200000000;2;9454560476;S
20240123;101829;1445.200000000;13;9454560477;S
20240123;101829;1445.200000000;1;9454560478;S
20240123;101829;1445.200000000;800;9454560479;S
20240123;101829;1445.000000000;34;9454560480;S
20240123;101829;1445.000000000;10;9454560481;S
20240123;101829;1445.000000000;1;9454560482;S
20240123;101829;1445.000000000;1;9454560483;S
20240123;101829;1445.000000000;1;9454560484;S
20240123;101829;1445.000000000;1;9454560485;S
20240123;101829;1445.000000000;50;9454560486;S
20240123;101829;1445.000000000;50;9454560487;S
20240123;101829;1445.000000000;5;9454560488;S
20240123;101829;1445.000000000;49;9454560489;S
20240123;101829;1445.000000000;5;9454560490;S
20240123;101829;1445.000000000;6;9454560491;S
20240123;101829;1445.000000000;1000;9454560492;S
20240123;101829;1445.000000000;2;9454560493;S
20240123;101829;1445.000000000;3;9454560494;S
20240123;101829;1445.000000000;3;9454560495;S
20240123;101829;1445.000000000;1;9454560496;S
20240123;101829;1445.000000000;7;9454560497;S
20240123;101829;1445.000000000;1;9454560498;S
20240123;101829;1445.000000000;1;9454560499;S
20240123;101829;1445.000000000;11;9454560500;S
20240123;101829;1445.000000000;1;9454560501;S
20240123;101829;1445.000000000;30;9454560502;S
20240123;101829;1445.000000000;10;9454560503;S
20240123;101829;1445.000000000;1;9454560504;S
20240123;101829;1445.000000000;1;9454560505;S
20240123;101829;1445.000000000;1;9454560506;S
20240123;101829;1445.000000000;1;9454560507;S
20240123;101829;1445.000000000;20;9454560508;S
20240123;101829;1445.000000000;10;9454560509;S
20240123;101829;1445.000000000;5;9454560510;S
20240123;101829;1445.000000000;1;9454560511;S
20240123;101829;1445.000000000;1;9454560512;S
20240123;101829;1445.000000000;8;9454560513;S
20240123;101829;1445.000000000;1;9454560514;S
20240123;101829;1445.000000000;21;9454560516;B
20240123;101829;1445.000000000;70;9454560519;B
20240123;101831;1445.000000000;1;9454560747;B
20240123;101832;1445.000000000;40;9454560839;B
20240123;101832;1445.000000000;1;9454560871;B
20240123;101834;1444.800000000;1;9454561054;S
20240123;101834;1444.800000000;9;9454561055;S
20240123;101835;1444.800000000;2;9454561096;S
20240123;101835;1444.800000000;197;9454561148;S
20240123;101835;1444.800000000;1;9454561149;S
20240123;101835;1444.800000000;24;9454561150;S
20240123;101837;1444.600000000;40;9454561387;S
20240123;101837;1444.600000000;9;9454561388;S
20240123;101837;1444.600000000;1;9454561389;S
20240123;101837;1444.600000000;300;9454561390;S
20240123;101837;1444.600000000;8;9454561391;S
20240123;101837;1444.600000000;24;9454561392;S
20240123;101837;1444.400000000;1;9454561393;S
20240123;101837;1444.400000000;10;9454561394;S
20240123;101837;1444.400000000;4;9454561395;S
20240123;101837;1444.400000000;3;9454561396;S
20240123;101837;1444.400000000;2;9454561397;S
20240123;101837;1444.400000000;1;9454561398;S
20240123;101837;1444.400000000;342;9454561399;S
20240123;101837;1444.400000000;1;9454561400;S
20240123;101837;1444.400000000;55;9454561401;S
20240123;101837;1444.400000000;49;9454561402;S
20240123;101839;1444.200000000;2;9454561483;S
20240123;101843;1444.600000000;2;9454562027;B
20240123;101843;1444.600000000;1;9454562029;B
20240123;101845;1444.600000000;9;9454562213;B
20240123;101845;1444.800000000;3;9454562214;B
20240123;101846;1444.800000000;1;9454562510;B
20240123;101850;1444.800000000;15;9454563029;B
20240123;101850;1444.800000000;7;9454563034;B
20240123;101851;1444.400000000;24;9454563192;S
20240123;101851;1444.400000000;25;9454563193;S
20240123;101851;1444.400000000;25;9454563194;S
20240123;101851;1444.400000000;20;9454563195;S
20240123;101851;1444.400000000;3;9454563196;S
20240123;101851;1444.200000000;67;9454563197;S
20240123;101851;1444.200000000;1;9454563198;S
20240123;101851;1444.200000000;2;9454563199;S
20240123;101851;1444.200000000;1;9454563200;S
20240123;101851;1444.200000000;10;9454563201;S
20240123;101851;1444.200000000;1;9454563202;S
20240123;101851;1444.200000000;341;9454563203;S
20240123;101851;1444.200000000;1;9454563204;S
20240123;101851;1444.200000000;1;9454563205;S
20240123;101851;1444.200000000;11;9454563206;S
20240123;101851;1444.200000000;1;9454563207;S
20240123;101851;1444.200000000;1;9454563208;S
20240123;101851;1444.200000000;1;9454563209;S
20240123;101851;1444.200000000;25;9454563210;S
20240123;101851;1444.200000000;1;9454563211;S
20240123;101851;1444.200000000;1;9454563212;S
20240123;101851;1444.200000000;32;9454563213;S
20240123;101851;1444.200000000;3;9454563214;S
20240123;101851;1444.200000000;3;9454563215;S
20240123;101851;1444.000000000;2;9454563216;S
20240123;101851;1444.000000000;20;9454563217;S
20240123;101851;1444.000000000;4;9454563218;S
20240123;101851;1444.000000000;3;9454563219;S
20240123;101851;1444.000000000;1;9454563220;S
20240123;101851;1444.000000000;2;9454563221;S
20240123;101851;1444.000000000;5;9454563222;S
20240123;101851;1444.000000000;1;9454563223;S
20240123;101851;1444.000000000;2;9454563224;S
20240123;101851;1444.000000000;1;9454563225;S
20240123;101851;1444.000000000;70;9454563226;S
20240123;101851;1444.000000000;2;9454563227;S
20240123;101851;1444.000000000;30;9454563228;S
20240123;101851;1444.000000000;1;9454563229;S
20240123;101851;1444.000000000;2;9454563230;S
20240123;101851;1444.000000000;2443;9454563231;S
20240123;101851;1444.800000000;1;9454563296;B
20240123;101855;1444.200000000;1;9454564129;S
20240123;101856;1444.600000000;1;9454564279;B
20240123;101856;1444.600000000;3;9454564280;B
20240123;101904;1444.600000000;10;9454565553;B
20240123;101904;1444.600000000;45;9454565554;B
20240123;101904;1444.800000000;15;9454565555;B
20240123;101907;1444.600000000;3;9454565940;B
20240123;101907;1444.600000000;1;9454565957;B
20240123;101909;1444.400000000;1;9454566155;S
20240123;101910;1444.600000000;2;9454566239;B
20240123;101911;1444.400000000;3;9454566618;S
20240123;101911;1444.600000000;1;9454566644;B
20240123;101914;1444.600000000;2;9454566882;B
20240123;101916;1444.600000000;1;9454567141;S
20240123;101918;1444.800000000;1;9454567379;B
20240123;101920;1444.800000000;9;9454567605;B
20240123;101920;1444.800000000;1;9454567606;B
20240123;101920;1444.800000000;1;9454567708;B
20240123;101924;1444.800000000;1;9454568161;B
20240123;101924;1444.800000000;15;9454568180;B
20240123;101924;1444.800000000;1;9454568199;B
20240123;101925;1444.600000000;15;9454568245;S
20240123;101926;1444.600000000;3;9454568362;S
20240123;101927;1444.600000000;1;9454568487;S
20240123;101929;1444.800000000;8;9454568758;B
20240123;101931;1444.800000000;1;9454568986;B
20240123;101932;1444.600000000;3;9454569081;S
20240123;101932;1444.600000000;24;9454569082;S
20240123;101932;1444.600000000;6;9454569083;S
20240123;101932;1444.600000000;1;9454569084;S
20240123;101932;1444.600000000;1;9454569085;S
20240123;101932;1444.600000000;1;9454569086;S
20240123;101932;1444.400000000;6;9454569087;S
20240123;101932;1444.400000000;133;9454569088;S
20240123;101935;1444.800000000;1;9454569448;B
20240123;101935;1444.800000000;2;9454569491;B
20240123;101935;1445.000000000;3;9454569492;B
20240123;101935;1444.600000000;5;9454569654;S
20240123;101936;1444.600000000;6;9454569739;S
20240123;101937;1444.600000000;1;9454569904;S
20240123;101948;1444.600000000;20;9454572276;S
20240123;101951;1444.600000000;7;9454572761;S
20240123;101951;1444.600000000;24;9454572762;S
20240123;101951;1444.600000000;1;9454572763;S
20240123;101951;1444.600000000;2;9454572764;S
20240123;101951;1444.400000000;37;9454572765;S
20240123;102005;1445.000000000;1;9454574524;B
20240123;102006;1445.000000000;90;9454574671;B
20240123;102008;1445.000000000;10;9454574942;B
20240123;102013;1445.000000000;1;9454575618;B
20240123;102014;1445.000000000;4;9454575741;B
20240123;102024;1444.600000000;24;9454577075;S
20240123;102024;1444.600000000;6;9454577076;S
20240123;102024;1444.800000000;1;9454577095;B
20240123;102028;1444.800000000;2;9454577504;B
20240123;102028;1444.800000000;3;9454577505;B
20240123;102028;1444.800000000;23;9454577506;B
20240123;102028;1444.800000000;1;9454577533;B
20240123;102030;1444.800000000;1;9454577675;B
20240123;102030;1444.800000000;10;9454577680;B
20240123;102031;1444.600000000;5;9454577870;S
20240123;102033;1444.800000000;65;9454578037;B
20240123;102033;1444.800000000;100;9454578038;B
20240123;102033;1444.800000000;3;9454578039;B
20240123;102033;1445.000000000;387;9454578040;B
20240123;102033;1445.000000000;75;9454578041;B
20240123;102033;1445.000000000;5;9454578042;B
20240123;102033;1445.000000000;1;9454578043;B
20240123;102033;1445.000000000;3;9454578044;B
20240123;102033;1445.000000000;1;9454578045;B
20240123;102033;1445.000000000;1;9454578046;B
20240123;102033;1445.000000000;5;9454578047;B
20240123;102033;1445.000000000;24;9454578048;B
20240123;102033;1445.400000000;1;9454578051;S
20240123;102033;1445.400000000;24;9454578054;S
20240123;102033;1445.400000000;24;9454578055;S
20240123;102033;1445.200000000;52;9454578056;S
20240123;102033;1445.200000000;1;9454578062;S
20240123;102033;1445.200000000;1;9454578068;S
20240123;102033;1445.200000000;1;9454578074;S
20240123;102033;1445.200000000;1;9454578077;S
20240123;102033;1445.200000000;1;9454578082;S
20240123;102034;1445.200000000;1;9454578093;S
20240123;102034;1445.200000000;1;9454578116;S
20240123;102034;1445.200000000;1;9454578121;S
20240123;102034;1445.200000000;1;9454578128;S
20240123;102034;1445.200000000;1;9454578170;S
20240123;102034;1445.200000000;1;9454578192;S
20240123;102034;1445.200000000;1;9454578202;S
20240123;102039;1446.000000000;1;9454578695;B
20240123;102039;1446.000000000;2;9454578773;B
20240123;102042;1446.000000000;6;9454579103;B
20240123;102042;1446.000000000;1;9454579104;B
20240123;102042;1446.000000000;1;9454579105;B
20240123;102042;1446.000000000;1;9454579106;B
20240123;102042;1446.000000000;1;9454579107;B
20240123;102043;1446.000000000;1;9454579247;B
20240123;102046;1446.000000000;1;9454579575;B
20240123;102048;1445.200000000;1;9454579773;S
20240123;102050;1446.000000000;5;9454580056;B
20240123;102101;1445.600000000;1;9454582277;S
20240123;102113;1446.000000000;2;9454583883;B
20240123;102113;1446.000000000;1;9454583944;B
20240123;102114;1446.000000000;10;9454584046;B
20240123;102117;1445.800000000;1;9454584322;S
20240123;102117;1446.000000000;4;9454584373;B
20240123;102119;1446.000000000;2;9454584615;B
20240123;102119;1445.800000000;15;9454584680;S
20240123;102120;1446.000000000;1;9454584692;B
20240123;102121;1446.000000000;1;9454584854;B
20240123;102121;1445.800000000;4;9454584912;S
20240123;102121;1445.800000000;5;9454584921;S
20240123;102123;1446.000000000;3;9454585093;B
20240123;102126;1445.800000000;3;9454585349;S
20240123;102127;1446.000000000;1;9454585527;B
20240123;102128;1446.000000000;10;9454585599;B
20240123;102129;1446.000000000;1;9454585689;B
20240123;102130;1446.000000000;50;9454585845;B
20240123;102133;1445.800000000;10;9454586286;S
20240123;102133;1446.000000000;3;9454586336;B
20240123;102134;1446.000000000;1;9454586460;B
20240123;102135;1446.000000000;2;9454586544;B
20240123;102135;1446.000000000;98;9454586545;B
20240123;102136;1445.800000000;5;9454586679;S
20240123;102136;1445.800000000;2;9454586787;S
20240123;102137;1446.000000000;2;9454586853;B
20240123;102137;1446.000000000;8;9454586854;B
20240123;102137;1446.000000000;1;9454586975;B
20240123;102142;1446.000000000;1;9454587411;S
20240123;102142;1445.800000000;27;9454587412;S
20240123;102142;1446.200000000;23;9454587436;B
20240123;102142;1446.200000000;5;9454587437;B
20240123;102142;1446.400000000;7;9454587438;B
20240123;102145;1446.200000000;23;9454587869;B
20240123;102145;1446.200000000;46;9454587870;B
20240123;102155;1446.400000000;1;9454588942;B
20240123;102155;1446.400000000;38;9454588997;B
20240123;102157;1446.400000000;9;9454589219;B
20240123;102157;1446.400000000;23;9454589220;B
20240123;102157;1446.600000000;3;9454589221;B
20240123;102159;1446.400000000;1;9454589367;B
20240123;102159;1446.400000000;3;9454589375;B
20240123;102201;1446.400000000;1;9454589535;B
20240123;102203;1446.400000000;16;9454589728;B
20240123;102205;1446.400000000;1;9454589895;B
20240123;102206;1446.400000000;3;9454590015;B
20240123;102207;1446.200000000;1;9454590076;S
20240123;102207;1446.200000000;1;9454590077;S
20240123;102207;1446.200000000;1;9454590078;S
20240123;102207;1446.000000000;104;9454590079;S
20240123;102207;1446.000000000;1;9454590080;S
20240123;102207;1446.000000000;2;9454590081;S
20240123;102207;1446.000000000;23;9454590082;S
20240123;102207;1445.800000000;25;9454590083;S
20240123;102207;1445.600000000;111;9454590084;S
20240123;102207;1445.600000000;10;9454590085;S
20240123;102207;1445.400000000;25;9454590086;S
20240123;102207;1445.400000000;25;9454590087;S
20240123;102207;1445.400000000;50;9454590088;S
20240123;102207;1445.400000000;25;9454590089;S
20240123;102207;1445.400000000;15;9454590090;S
20240123;102207;1445.400000000;50;9454590091;S
20240123;102207;1445.200000000;1;9454590092;S
20240123;102207;1445.200000000;1;9454590093;S
20240123;102207;1445.200000000;150;9454590094;S
20240123;102207;1445.200000000;2000;9454590095;S
20240123;102207;1445.200000000;100;9454590096;S
20240123;102207;1445.200000000;1;9454590097;S
20240123;102207;1445.200000000;138;9454590098;S
20240123;102207;1445.200000000;10;9454590099;S
20240123;102207;1445.000000000;830;9454590100;S
20240123;102207;1445.000000000;16;9454590101;S
20240123;102207;1445.000000000;1;9454590102;S
20240123;102207;1445.000000000;2;9454590103;S
20240123;102207;1445.000000000;1;9454590104;S
20240123;102207;1445.000000000;1;9454590105;S
20240123;102207;1445.000000000;1;9454590106;S
20240123;102207;1445.000000000;1;9454590107;S
20240123;102207;1445.000000000;55;9454590108;S
20240123;102207;1444.800000000;2;9454590113;S
20240123;102207;1444.600000000;2;9454590240;S
20240123;102207;1445.000000000;10;9454590309;B
20240123;102208;1445.000000000;1;9454590336;B
20240123;102209;1444.600000000;2;9454590446;S
20240123;102212;1444.600000000;1;9454590670;S
20240123;102212;1445.000000000;150;9454590684;B
20240123;102215;1444.600000000;2;9454590975;S
20240123;102216;1445.000000000;5;9454591116;B
20240123;102217;1445.000000000;2;9454591153;B
20240123;102220;1445.000000000;2;9454591434;B
20240123;102221;1444.600000000;14;9454591591;S
20240123;102223;1445.000000000;100;9454591798;B
20240123;102227;1444.800000000;1;9454592439;S
20240123;102228;1444.800000000;1;9454592493;S
20240123;102228;1445.000000000;1;9454592510;B
20240123;102230;1445.000000000;1;9454592730;B
20240123;102232;1445.000000000;3;9454592987;B
20240123;102232;1445.000000000;1;9454593002;B
20240123;102232;1445.000000000;1;9454593005;B
20240123;102237;1445.000000000;10;9454593608;B
20240123;102237;1445.000000000;40;9454593609;B
20240123;102242;1445.000000000;2;9454594062;B
20240123;102243;1445.000000000;10;9454594177;B
20240123;102245;1445.000000000;2;9454594334;B
20240123;102246;1445.000000000;2;9454594417;B
20240123;102248;1445.000000000;1;9454594741;B
20240123;102251;1445.000000000;12;9454595101;B
20240123;102252;1445.000000000;4;9454595186;B
20240123;102254;1445.000000000;1;9454595534;B
20240123;102255;1444.800000000;3;9454595568;S
20240123;102255;1444.800000000;3;9454595569;S
20240123;102257;1445.000000000;3;9454595803;B
20240123;102302;1444.800000000;10;9454596288;S
20240123;102303;1445.000000000;1;9454596467;B
20240123;102303;1444.600000000;1;9454596506;S
20240123;102305;1444.800000000;25;9454596680;B
20240123;102306;1444.800000000;10;9454596773;B
20240123;102310;1445.000000000;1;9454597120;B
20240123;102315;1445.000000000;1;9454597643;B
20240123;102315;1445.000000000;1;9454597741;B
20240123;102317;1444.800000000;15;9454597890;S
20240123;102317;1444.800000000;7;9454597891;S
20240123;102317;1445.000000000;2;9454597962;B
20240123;102319;1444.800000000;3;9454598106;S
20240123;102320;1445.000000000;1;9454598226;B
20240123;102324;1445.000000000;1;9454598615;B
20240123;102325;1445.000000000;15;9454598869;B
20240123;102327;1444.800000000;5;9454598998;S
20240123;102328;1444.800000000;17;9454599072;S
20240123;102328;1444.800000000;21;9454599073;S
20240123;102332;1444.800000000;1;9454599839;B
20240123;102333;1444.800000000;1;9454600087;B
20240123;102333;1444.800000000;2;9454600088;B
20240123;102335;1444.800000000;2;9454600261;B
20240123;102335;1444.600000000;3;9454600284;S
20240123;102335;1444.600000000;1;9454600285;S
20240123;102335;1444.600000000;1;9454600286;S
20240123;102335;1444.600000000;1;9454600287;S
20240123;102335;1444.600000000;4;9454600288;S
20240123;102335;1444.800000000;25;9454600405;B
20240123;102335;1444.800000000;4;9454600412;B
20240123;102337;1444.800000000;25;9454600665;B
20240123;102340;1444.800000000;11;9454601019;B
20240123;102340;1444.800000000;1;9454601020;B
20240123;102351;1444.800000000;2;9454602724;S
20240123;102354;1444.800000000;3;9454603353;S
20240123;102354;1445.000000000;1;9454603444;B
20240123;102355;1444.800000000;1;9454603607;S
20240123;102357;1445.000000000;1;9454603840;B
20240123;102358;1445.000000000;1;9454603979;B
20240123;102359;1445.000000000;1;9454604129;B
20240123;102400;1445.000000000;7;9454604135;B
20240123;102408;1445.000000000;1;9454605772;B
20240123;102409;1445.000000000;36;9454605968;B
20240123;102409;1445.000000000;1;9454605971;B
20240123;102412;1444.800000000;7;9454606313;S
20240123;102412;1444.800000000;3;9454606314;S
20240123;102413;1445.000000000;10;9454606441;B
20240123;102413;1445.000000000;3;9454606450;B
20240123;102413;1445.000000000;10;9454606451;B
20240123;102413;1445.000000000;2;9454606452;B
20240123;102413;1445.000000000;1;9454606453;B
20240123;102413;1445.000000000;1;9454606454;B
20240123;102413;1445.000000000;43;9454606455;B
20240123;102414;1445.000000000;4;9454606602;B
20240123;102415;1445.000000000;10;9454606703;B
20240123;102416;1444.800000000;2;9454606809;S
20240123;102417;1445.000000000;83;9454606927;B
20240123;102417;1445.000000000;1;9454606928;B
20240123;102417;1445.000000000;6;9454606929;B
20240123;102417;1445.000000000;510;9454606930;B
20240123;102418;1445.000000000;2;9454607009;B
20240123;102418;1445.000000000;4;9454607010;B
20240123;102419;1445.000000000;5;9454607160;B
20240123;102420;1445.000000000;69;9454607301;B
20240123;102421;1445.000000000;1;9454607411;B
20240123;102421;1444.800000000;4;9454607443;S
20240123;102422;1445.000000000;1;9454607492;B
20240123;102425;1444.800000000;36;9454607693;S
20240123;102427;1444.800000000;10;9454607841;S
20240123;102427;1445.000000000;1;9454607870;B
20240123;102432;1445.000000000;10;9454608323;B
20240123;102432;1445.000000000;5;9454608357;B
20240123;102433;1445.000000000;40;9454608452;B
20240123;102433;1445.000000000;15;9454608453;B
20240123;102438;1444.800000000;100;9454609395;S
20240123;102439;1445.000000000;35;9454609653;B
20240123;102439;1445.000000000;15;9454609654;B
20240123;102444;1445.000000000;35;9454610556;B
20240123;102446;1445.000000000;1;9454610843;B
20240123;102448;1445.000000000;3;9454611314;B
20240123;102448;1445.000000000;10;9454611382;B
20240123;102449;1445.000000000;25;9454611434;B
20240123;102450;1445.000000000;30;9454611666;B
20240123;102450;1445.000000000;1;9454611672;B
20240123;102451;1444.800000000;5;9454611732;S
20240123;102452;1444.800000000;2;9454611854;S
20240123;102452;1445.000000000;27;9454612001;B
20240123;102453;1445.000000000;1;9454612050;B
20240123;102453;1445.000000000;5;9454612051;B
20240123;102453;1445.000000000;1;9454612077;B
20240123;102456;1445.000000000;14;9454612432;B
20240123;102456;1445.000000000;6;9454612433;B
20240123;102459;1445.000000000;50;9454612817;B
20240123;102503;1445.000000000;1;9454613342;B
20240123;102503;1444.800000000;10;9454613358;S
20240123;102504;1445.000000000;2;9454613414;B
20240123;102508;1444.800000000;90;9454613860;S
20240123;102508;1445.000000000;10;9454613980;B
20240123;102510;1445.000000000;9;9454614163;B
20240123;102514;1445.000000000;3;9454614798;B
20240123;102514;1445.000000000;5;9454614833;B
20240123;102517;1445.000000000;40;9454615078;B
20240123;102517;1445.000000000;29;9454615086;B
20240123;102519;1445.000000000;7;9454615227;B
20240123;102519;1445.000000000;1;9454615228;B
20240123;102519;1445.000000000;12;9454615229;B
20240123;102519;1445.000000000;3;9454615321;B
20240123;102519;1444.800000000;10;9454615324;S
20240123;102520;1444.800000000;2;9454615365;S
20240123;102520;1444.800000000;47;9454615366;S
20240123;102520;1445.000000000;1;9454615377;B
20240123;102521;1444.800000000;13;9454615475;S
20240123;102522;1445.000000000;1;9454615624;B
20240123;102522;1445.000000000;14;9454615643;B
20240123;102523;1445.000000000;1;9454615720;B
20240123;102525;1445.000000000;13;9454615893;B
20240123;102527;1444.800000000;1;9454616004;S
20240123;102527;1444.800000000;2;9454616005;S
20240123;102527;1445.000000000;3;9454616032;B
20240123;102528;1445.000000000;1;9454616119;B
20240123;102530;1445.000000000;5;9454616411;B
20240123;102531;1445.000000000;1;9454616455;B
20240123;102533;1445.000000000;1;9454616603;B
20240123;102533;1445.000000000;100;9454616655;B
20240123;102533;1445.000000000;5;9454616661;B
20240123;102534;1445.000000000;1;9454616717;B
20240123;102535;1445.000000000;10;9454616824;B
20240123;102541;1444.800000000;3;9454617395;S
20240123;102541;1444.800000000;55;9454617396;S
20240123;102541;1444.800000000;5;9454617397;S
20240123;102541;1444.800000000;1;9454617398;S
20240123;102541;1444.800000000;10;9454617399;S
20240123;102541;1444.800000000;104;9454617400;S
20240123;102541;1444.800000000;21;9454617401;S
20240123;102541;1444.800000000;2;9454617402;S
20240123;102541;1444.800000000;25;9454617403;S
20240123;102541;1444.800000000;48;9454617404;S
20240123;102541;1444.800000000;1;9454617405;S
20240123;102541;1444.800000000;3;9454617406;B
20240123;102542;1444.800000000;1;9454617592;B
20240123;102544;1444.800000000;1;9454617809;B
20240123;102545;1444.600000000;6;9454617858;S
20240123;102547;1444.800000000;1;9454618128;B
20240123;102548;1444.800000000;1;9454618255;B
20240123;102548;1444.800000000;1;9454618264;B
20240123;102548;1444.800000000;2;9454618311;B
20240123;102549;1444.800000000;1;9454618667;B
20240123;102551;1444.800000000;14;9454618804;B
20240123;102551;1445.000000000;36;9454618805;B
20240123;102552;1444.800000000;1;9454618917;S
20240123;102555;1444.800000000;104;9454619196;S
20240123;102555;1444.800000000;138;9454619197;S
20240123;102555;1444.800000000;21;9454619198;S
20240123;102555;1444.600000000;50;9454619199;S
20240123;102555;1444.600000000;1;9454619200;S
20240123;102555;1444.600000000;1;9454619201;S
20240123;102555;1444.600000000;1;9454619202;S
20240123;102555;1444.600000000;55;9454619203;S
20240123;102555;1444.600000000;3;9454619204;S
20240123;102555;1444.600000000;1;9454619205;S
20240123;102555;1444.600000000;1;9454619206;S
20240123;102555;1444.600000000;40;9454619207;S
20240123;102555;1444.600000000;25;9454619208;S
20240123;102555;1444.600000000;48;9454619209;S
20240123;102555;1444.400000000;3;9454619210;S
20240123;102555;1444.400000000;4;9454619211;S
20240123;102555;1444.400000000;2;9454619212;S
20240123;102555;1444.400000000;1;9454619213;S
20240123;102555;1444.400000000;1;9454619214;S
20240123;102555;1444.400000000;1;9454619215;S
20240123;102555;1444.400000000;10;9454619216;S
20240123;102555;1444.400000000;27;9454619217;S
20240123;102555;1444.400000000;2;9454619218;S
20240123;102555;1444.400000000;55;9454619219;S
20240123;102555;1444.400000000;5;9454619220;S
20240123;102555;1444.200000000;1;9454619221;S
20240123;102555;1444.200000000;1;9454619222;S
20240123;102555;1444.200000000;100;9454619223;S
20240123;102555;1444.200000000;100;9454619224;S
20240123;102555;1444.200000000;10;9454619225;S
20240123;102555;1444.200000000;30;9454619226;S
20240123;102555;1444.200000000;1;9454619227;S
20240123;102555;1444.200000000;2;9454619228;S
20240123;102555;1444.200000000;1;9454619229;S
20240123;102555;1444.200000000;55;9454619230;S
20240123;102555;1444.200000000;99;9454619231;S
20240123;102555;1445.000000000;1;9454619234;B
20240123;102558;1445.000000000;10;9454619495;B
20240123;102600;1445.000000000;7;9454619733;B
20240123;102600;1445.000000000;25;9454619781;B
20240123;102603;1445.000000000;6;9454620031;B
20240123;102604;1445.000000000;1;9454620188;B
20240123;102607;1445.000000000;1;9454620524;B
20240123;102611;1444.800000000;1;9454621002;S
20240123;102611;1444.800000000;21;9454621003;S
20240123;102611;1444.800000000;2;9454621004;S
20240123;102612;1445.000000000;1;9454621093;B
20240123;102615;1445.000000000;10;9454621374;B
20240123;102615;1445.000000000;10;9454621410;B
20240123;102620;1445.000000000;1;9454622015;B
20240123;102621;1445.000000000;2;9454622122;B
20240123;102626;1445.000000000;2;9454622570;B
20240123;102631;1445.000000000;1;9454623066;B
20240123;102632;1445.000000000;30;9454623176;B
20240123;102636;1445.000000000;7;9454623395;B
20240123;102638;1445.000000000;10;9454623560;B
20240123;102638;1445.000000000;1;9454623561;B
20240123;102639;1444.800000000;5;9454623653;S
20240123;102639;1445.000000000;16;9454623669;B
20240123;102642;1445.000000000;6;9454623949;B
20240123;102642;1445.000000000;3;9454623950;B
20240123;102644;1444.800000000;3;9454624105;S
20240123;102645;1445.000000000;11;9454624170;B
20240123;102649;1445.000000000;1;9454624620;B
20240123;102656;1445.000000000;1;9454625391;B
20240123;102657;1444.800000000;2;9454625487;S
20240123;102657;1444.800000000;1;9454625488;S
20240123;102657;1444.800000000;4;9454625489;S
20240123;102702;1445.000000000;9;9454625960;B
20240123;102702;1445.000000000;15;9454625961;B
20240123;102702;1445.000000000;2;9454625962;B
20240123;102702;1445.000000000;2;9454625963;B
20240123;102702;1445.000000000;47;9454625964;B
20240123;102702;1445.000000000;25;9454625965;B
20240123;102707;1445.000000000;3;9454626775;B
20240123;102707;1444.800000000;1;9454626903;S
20240123;102711;1445.000000000;1;9454627411;B
20240123;102712;1444.800000000;2;9454627515;S
20240123;102713;1445.000000000;1;9454627642;B
20240123;102713;1445.000000000;2;9454627689;B
20240123;102715;1445.000000000;17;9454627804;B
20240123;102715;1445.000000000;30;9454627889;B
20240123;102719;1445.000000000;10;9454628688;B
20240123;102721;1445.000000000;1;9454628980;B
20240123;102723;1445.000000000;9;9454629199;B
20240123;102723;1445.000000000;10;9454629207;B
20240123;102727;1445.000000000;1;9454629800;B
20240123;102728;1445.000000000;2;9454629864;B
20240123;102728;1445.000000000;15;9454630051;B
20240123;102728;1445.000000000;14;9454630071;B
20240123;102731;1445.000000000;1;9454630316;B
20240123;102736;1445.000000000;16;9454630934;B
20240123;102737;1445.000000000;1;9454631011;B
20240123;102738;1445.000000000;3;9454631201;B
20240123;102738;1445.000000000;1;9454631202;B
20240123;102738;1445.000000000;16;9454631203;B
20240123;102738;1445.000000000;5;9454631217;B
20240123;102738;1445.000000000;13;9454631218;B
20240123;102739;1445.000000000;3;9454631316;B
