<DATE>;<TIME>;<LAST>;<VOL>;<ID>;<OPER>
20240216;095958;1409.000000000;1;9618274514;S
20240216;095958;1409.000000000;1;9618274515;S
20240216;095958;1409.000000000;1;9618274516;S
20240216;095958;1409.000000000;1;9618274517;S
20240216;095958;1409.000000000;1;9618274518;S
20240216;095958;1409.000000000;2;9618274519;S
20240216;095958;1409.000000000;1;9618274520;S
20240216;095958;1409.000000000;1;9618274521;S
20240216;095958;1409.000000000;1;9618274522;B
20240216;095958;1409.000000000;2;9618274523;B
20240216;095958;1409.000000000;38;9618274524;B
20240216;095958;1409.000000000;2;9618274525;S
20240216;095958;1409.000000000;1;9618274526;S
20240216;095958;1409.000000000;4;9618274527;B
20240216;095958;1409.000000000;1;9618274528;B
20240216;095958;1409.000000000;1;9618274529;B
20240216;095958;1409.000000000;2;9618274530;B
20240216;095958;1409.000000000;1;9618274531;B
20240216;095958;1409.000000000;1;9618274532;B
20240216;095958;1409.000000000;1;9618274533;B
20240216;095958;1409.000000000;1;9618274534;B
20240216;095958;1409.000000000;1;9618274535;B
20240216;095958;1409.000000000;1;9618274536;B
20240216;095958;1409.000000000;1;9618274537;B
20240216;095958;1409.000000000;1;9618274538;B
20240216;095958;1409.000000000;1;9618274539;B
20240216;095958;1409.000000000;1;9618274540;B
20240216;095958;1409.000000000;1;9618274541;B
20240216;095958;1409.000000000;4;9618274542;B
20240216;095958;1409.000000000;1;9618274543;B
20240216;095958;1409.000000000;1;9618274544;B
20240216;095958;1409.000000000;3;9618274545;B
20240216;095958;1409.000000000;1;9618274546;B
20240216;095958;1409.000000000;1;9618274547;B
20240216;095958;1409.000000000;3;9618274548;B
20240216;095958;1409.000000000;1;9618274549;B
20240216;095958;1409.000000000;1;9618274550;B
20240216;095958;1409.000000000;7;9618274551;B
20240216;095958;1409.000000000;1;9618274552;S
20240216;095958;1409.000000000;1;9618274553;B
20240216;095958;1409.000000000;1;9618274554;S
20240216;095958;1409.000000000;39;9618274555;B
20240216;095958;1409.000000000;3;9618274556;B
20240216;095958;1409.000000000;6;9618274557;B
20240216;095958;1409.000000000;2;9618274558;B
20240216;095958;1409.000000000;1;9618274559;B
20240216;095958;1409.000000000;1;9618274560;S
20240216;095958;1409.000000000;7;9618274561;S
20240216;095958;1409.000000000;35;9618274562;B
20240216;095958;1409.000000000;5;9618274563;B
20240216;095958;1409.000000000;6;9618274564;B
20240216;095958;1409.000000000;1;9618274565;S
20240216;095958;1409.000000000;1;9618274566;S
20240216;095958;1409.000000000;2;9618274567;S
20240216;095958;1409.000000000;1;9618274568;S
20240216;095958;1409.000000000;2;9618274569;S
20240216;095958;1409.000000000;10;9618274570;S
20240216;095958;1409.000000000;1;9618274571;S
20240216;095958;1409.000000000;2;9618274572;S
20240216;095958;1409.000000000;35;9618274573;B
20240216;095958;1409.000000000;100;9618274574;B
20240216;095958;1409.000000000;10;9618274575;S
20240216;095958;1409.000000000;2;9618274576;S
20240216;095958;1409.000000000;1;9618274577;S
20240216;095958;1409.000000000;1;9618274578;S
20240216;095958;1409.000000000;1;9618274579;S
20240216;095958;1409.000000000;1;9618274580;S
20240216;095958;1409.000000000;1;9618274581;S
20240216;095958;1409.000000000;1;9618274582;S
20240216;095958;1409.000000000;10;9618274583;S
20240216;095958;1409.000000000;1;9618274584;S
20240216;095958;1409.000000000;2;9618274585;S
20240216;095958;1409.000000000;2;9618274586;S
20240216;095958;1409.000000000;2;9618274587;S
20240216;095958;1409.000000000;2;9618274588;S
20240216;095958;1409.000000000;1;9618274589;S
20240216;095958;1409.000000000;1;9618274590;S
20240216;095958;1409.000000000;5;9618274591;S
20240216;095958;1409.000000000;2;9618274592;S
20240216;095958;1409.000000000;1;9618274593;S
20240216;095958;1409.000000000;5;9618274594;S
20240216;095958;1409.000000000;3;9618274595;S
20240216;095958;1409.000000000;1;9618274596;S
20240216;095958;1409.000000000;1;9618274597;S
20240216;095958;1409.000000000;2;9618274598;S
20240216;095958;1409.000000000;1;9618274599;S
20240216;095958;1409.000000000;1;9618274600;S
20240216;095958;1409.000000000;10;9618274601;S
20240216;095958;1409.000000000;7;9618274602;S
20240216;095958;1409.000000000;8;9618274603;S
20240216;095958;1409.000000000;4;9618274604;S
20240216;095958;1409.000000000;2;9618274605;S
20240216;095958;1409.000000000;1;9618274606;S
20240216;095958;1409.000000000;2;9618274607;S
20240216;095958;1409.000000000;1;9618274608;S
20240216;095958;1409.000000000;7;9618274609;B
20240216;095958;1409.000000000;1;9618274610;B
20240216;095958;1409.000000000;2;9618274611;B
20240216;095958;1409.000000000;36;9618274612;B
20240216;095958;1409.000000000;1;9618274613;B
20240216;095958;1409.000000000;4;9618274614;B
20240216;095958;1409.000000000;16;9618274615;B
20240216;095958;1409.000000000;88;9618274616;B
20240216;095958;1409.000000000;1;9618274617;B
20240216;095958;1409.000000000;1;9618274618;B
20240216;095958;1409.000000000;1;9618274619;B
20240216;095958;1409.000000000;3;9618274620;B
20240216;095958;1409.000000000;3;9618274621;B
20240216;095958;1409.000000000;3;9618274622;B
20240216;095958;1409.000000000;100;9618274623;B
20240216;095958;1409.000000000;50;9618274624;B
20240216;095958;1409.000000000;1;9618274625;B
20240216;095958;1409.000000000;41;9618274626;B
20240216;095958;1409.000000000;1;9618274627;B
20240216;095958;1409.000000000;1;9618274628;B
20240216;095958;1409.000000000;38;9618274629;B
20240216;095958;1409.000000000;100;9618274630;B
20240216;100000;1409.000000000;56;9618274960;B
20240216;100000;1408.800000000;1;9618275345;S
20240216;100000;1408.800000000;2;9618275346;S
20240216;100001;1409.000000000;3;9618275893;B
20240216;100001;1409.000000000;36;9618275909;B
20240216;100001;1409.000000000;98;9618275972;B
20240216;100001;1409.000000000;10;9618275973;B
20240216;100001;1409.000000000;1;9618275974;B
20240216;100001;1409.000000000;1;9618275975;B
20240216;100001;1409.000000000;40;9618275976;B
20240216;100001;1409.000000000;2;9618275977;B
20240216;100001;1409.000000000;1;9618275978;B
20240216;100001;1409.000000000;4;9618275979;B
20240216;100001;1409.200000000;3;9618275999;B
20240216;100001;1409.200000000;20;9618276000;B
20240216;100001;1409.200000000;2;9618276001;B
20240216;100001;1409.200000000;100;9618276002;B
20240216;100001;1409.200000000;23;9618276003;B
20240216;100001;1409.400000000;3;9618276008;B
20240216;100001;1409.400000000;7;9618276009;B
20240216;100001;1409.400000000;30;9618276010;B
20240216;100001;1409.600000000;34;9618276171;B
20240216;100001;1409.600000000;16;9618276172;B
20240216;100001;1409.800000000;2;9618276225;B
20240216;100001;1409.800000000;48;9618276226;B
20240216;100001;1409.800000000;1;9618276227;B
20240216;100001;1409.800000000;5;9618276228;B
20240216;100001;1409.800000000;2;9618276269;S
20240216;100001;1410.000000000;1;9618276275;B
20240216;100001;1410.000000000;570;9618276276;B
20240216;100001;1410.000000000;10;9618276277;B
20240216;100001;1410.000000000;100;9618276278;B
20240216;100001;1410.000000000;36;9618276279;B
20240216;100001;1410.000000000;2;9618276280;B
20240216;100001;1410.000000000;21;9618276281;B
20240216;100001;1410.000000000;8;9618276282;B
20240216;100001;1410.000000000;140;9618276471;B
20240216;100001;1410.000000000;59;9618276535;B
20240216;100001;1410.000000000;6;9618276539;B
20240216;100001;1410.000000000;3;9618276540;B
20240216;100001;1410.000000000;32;9618276547;B
20240216;100001;1410.000000000;1;9618276761;B
20240216;100002;1410.000000000;10;9618276984;B
20240216;100002;1410.000000000;4;9618276994;B
20240216;100002;1409.800000000;1;9618277073;S
20240216;100002;1410.000000000;35;9618277190;B
20240216;100002;1410.000000000;30;9618277305;B
20240216;100002;1410.000000000;1;9618277338;B
20240216;100002;1409.800000000;30;9618277348;S
20240216;100002;1410.000000000;100;9618277351;B
20240216;100003;1410.000000000;224;9618277560;B
20240216;100003;1410.000000000;48;9618277657;B
20240216;100003;1409.800000000;171;9618277733;S
20240216;100004;1409.800000000;4;9618277786;S
20240216;100005;1410.000000000;1;9618278743;B
20240216;100005;1410.000000000;1;9618278972;B
20240216;100005;1410.000000000;1;9618279161;B
20240216;100005;1409.800000000;1;9618279162;S
20240216;100005;1410.000000000;2;9618279379;B
20240216;100005;1409.800000000;35;9618279391;S
20240216;100005;1410.000000000;4;9618279395;B
20240216;100005;1410.000000000;1;9618279586;B
20240216;100005;1409.800000000;16;9618279588;S
20240216;100005;1409.800000000;7;9618279589;S
20240216;100006;1410.000000000;1;9618279842;B
20240216;100006;1410.000000000;2;9618280050;B
20240216;100006;1410.000000000;22;9618280100;B
20240216;100006;1409.800000000;4;9618280223;S
20240216;100006;1409.800000000;3;9618280399;S
20240216;100006;1410.000000000;2;9618280477;B
20240216;100006;1410.000000000;34;9618280500;B
20240216;100006;1409.800000000;72;9618281101;S
20240216;100007;1410.000000000;10;9618281192;B
20240216;100007;1410.000000000;100;9618281245;B
20240216;100007;1410.000000000;1;9618281502;B
20240216;100007;1409.800000000;1;9618281504;S
20240216;100007;1410.000000000;1;9618281505;B
20240216;100007;1410.000000000;24;9618281678;B
20240216;100007;1410.000000000;33;9618281713;B
20240216;100007;1410.000000000;36;9618281742;B
20240216;100007;1410.000000000;4;9618281911;B
20240216;100007;1410.000000000;6;9618281913;B
20240216;100007;1410.000000000;1;9618281921;B
20240216;100008;1410.000000000;100;9618282156;B
20240216;100010;1410.000000000;28;9618283040;B
20240216;100010;1410.000000000;25;9618283256;B
20240216;100010;1410.000000000;1;9618283257;B
20240216;100010;1410.000000000;1;9618283339;B
20240216;100011;1410.000000000;18;9618283374;B
20240216;100011;1410.000000000;4;9618283375;B
20240216;100011;1410.000000000;1;9618283376;B
20240216;100011;1410.000000000;1;9618283520;B
20240216;100011;1410.000000000;3;9618283584;B
20240216;100011;1410.000000000;11;9618283686;B
20240216;100011;1410.000000000;4;9618283689;B
20240216;100011;1410.000000000;1;9618283690;B
20240216;100011;1410.000000000;1;9618283691;B
20240216;100011;1409.800000000;16;9618283710;S
20240216;100011;1409.800000000;13;9618283719;S
20240216;100011;1410.000000000;4;9618283770;B
20240216;100011;1410.000000000;2;9618283771;B
20240216;100011;1410.000000000;1;9618283772;B
20240216;100011;1410.200000000;4;9618283773;B
20240216;100011;1410.200000000;1;9618283774;B
20240216;100011;1411.000000000;1;9618283777;B
20240216;100011;1411.000000000;1;9618283778;B
20240216;100011;1411.000000000;1;9618283779;B
20240216;100011;1411.000000000;10;9618283780;B
20240216;100011;1411.000000000;10;9618283781;B
20240216;100011;1411.000000000;50;9618283782;B
20240216;100011;1411.000000000;40;9618283783;B
20240216;100011;1411.000000000;2;9618283784;B
20240216;100011;1411.000000000;14;9618283785;B
20240216;100011;1411.000000000;1;9618283786;B
20240216;100011;1411.000000000;2;9618283787;B
20240216;100011;1411.000000000;17;9618283788;B
20240216;100011;1411.000000000;1;9618283794;B
20240216;100011;1411.000000000;1;9618283846;B
20240216;100012;1410.800000000;1;9618283880;S
20240216;100012;1411.000000000;1;9618283892;B
20240216;100012;1411.000000000;1;9618283893;B
20240216;100012;1411.000000000;1;9618283894;B
20240216;100012;1411.000000000;7;9618283912;B
20240216;100012;1411.000000000;36;9618283913;B
20240216;100012;1410.800000000;3;9618283917;B
20240216;100012;1411.000000000;35;9618283918;B
20240216;100012;1411.000000000;1;9618283919;B
20240216;100012;1411.000000000;3;9618283920;B
20240216;100012;1411.000000000;10;9618283921;B
20240216;100012;1411.400000000;34;9618283922;B
20240216;100012;1411.600000000;14;9618283923;B
20240216;100012;1410.800000000;35;9618283926;S
20240216;100012;1411.600000000;1;9618284029;B
20240216;100012;1411.800000000;1;9618284063;B
20240216;100012;1411.800000000;5;9618284065;B
20240216;100012;1411.800000000;1;9618284066;B
20240216;100012;1411.800000000;1;9618284067;B
20240216;100012;1411.800000000;1;9618284068;B
20240216;100012;1412.000000000;1;9618284069;B
20240216;100012;1412.000000000;1;9618284070;B
20240216;100012;1412.000000000;1;9618284071;B
20240216;100012;1412.000000000;25;9618284072;B
20240216;100012;1412.000000000;10;9618284073;B
20240216;100012;1412.000000000;100;9618284074;B
20240216;100012;1412.000000000;1;9618284075;B
20240216;100012;1412.000000000;5;9618284076;B
20240216;100012;1412.000000000;10;9618284077;B
20240216;100012;1412.200000000;38;9618284078;B
20240216;100012;1411.400000000;100;9618284083;S
20240216;100012;1412.400000000;10;9618284085;B
20240216;100012;1412.400000000;1;9618284086;B
20240216;100012;1412.400000000;19;9618284087;B
20240216;100012;1412.400000000;24;9618284097;B
20240216;100012;1412.400000000;3;9618284098;B
20240216;100012;1412.400000000;2;9618284154;B
20240216;100013;1412.400000000;27;9618284206;B
20240216;100013;1411.400000000;3;9618284238;S
20240216;100013;1412.400000000;100;9618284251;B
20240216;100013;1412.400000000;1;9618284257;B
20240216;100013;1412.000000000;25;9618284308;B
20240216;100013;1411.400000000;22;9618284338;S
20240216;100013;1411.400000000;1;9618284350;S
20240216;100014;1412.000000000;15;9618284406;B
20240216;100014;1412.000000000;110;9618284543;B
20240216;100015;1411.800000000;1;9618284628;S
20240216;100016;1412.000000000;123;9618284864;B
20240216;100016;1412.000000000;148;9618284951;B
20240216;100016;1412.000000000;15;9618284952;B
20240216;100016;1412.000000000;7;9618284953;B
20240216;100017;1412.000000000;4;9618285059;B
20240216;100017;1412.000000000;38;9618285078;B
20240216;100017;1411.800000000;1;9618285081;S
20240216;100017;1412.000000000;38;9618285110;B
20240216;100018;1412.000000000;1;9618285241;B
20240216;100019;1412.000000000;3;9618285411;B
20240216;100019;1412.000000000;7;9618285438;B
20240216;100019;1412.000000000;16;9618285496;B
20240216;100020;1412.000000000;1;9618285715;B
20240216;100020;1412.000000000;1;9618285716;B
20240216;100020;1412.000000000;1;9618285728;B
20240216;100020;1412.000000000;4;9618285729;B
20240216;100020;1412.000000000;6;9618285831;B
20240216;100022;1412.000000000;117;9618286067;B
20240216;100022;1412.000000000;100;9618286177;B
20240216;100023;1412.000000000;89;9618286331;B
20240216;100024;1412.000000000;30;9618286364;B
20240216;100024;1411.800000000;1;9618286377;S
20240216;100024;1412.000000000;3;9618286416;B
20240216;100024;1412.000000000;10;9618286424;B
20240216;100025;1411.800000000;1;9618286513;S
20240216;100026;1412.000000000;1;9618286760;B
20240216;100027;1412.000000000;1;9618287066;B
20240216;100027;1412.000000000;86;9618287184;B
20240216;100027;1412.000000000;1;9618287185;B
20240216;100027;1412.000000000;2;9618287186;B
20240216;100028;1412.400000000;100;9618287220;S
20240216;100028;1412.600000000;1;9618287241;B
20240216;100028;1412.400000000;10;9618287276;S
20240216;100029;1412.600000000;49;9618287346;B
20240216;100029;1412.600000000;3;9618287347;B
20240216;100029;1412.600000000;30;9618287348;B
20240216;100029;1412.800000000;8;9618287349;B
20240216;100029;1412.800000000;10;9618287350;B
20240216;100029;1412.800000000;3;9618287351;B
20240216;100029;1412.800000000;3;9618287352;B
20240216;100029;1412.800000000;3;9618287353;B
20240216;100029;1412.800000000;3;9618287354;B
20240216;100029;1412.800000000;3;9618287355;B
20240216;100029;1412.800000000;3;9618287356;B
20240216;100029;1412.800000000;2;9618287357;B
20240216;100029;1412.800000000;12;9618287358;B
20240216;100029;1412.800000000;12;9618287410;B
20240216;100029;1413.000000000;1;9618287411;B
20240216;100029;1413.000000000;1;9618287412;B
20240216;100029;1413.000000000;1;9618287413;B
20240216;100029;1413.000000000;20;9618287414;B
20240216;100029;1413.000000000;10;9618287415;B
20240216;100029;1413.000000000;3;9618287416;B
20240216;100029;1413.000000000;2;9618287417;B
20240216;100029;1412.600000000;14;9618287437;S
20240216;100029;1412.800000000;1;9618287448;S
20240216;100030;1413.000000000;1;9618287518;B
20240216;100030;1412.800000000;2;9618287565;S
20240216;100030;1412.600000000;1;9618287566;S
20240216;100030;1412.800000000;5;9618287605;S
20240216;100030;1413.000000000;1;9618287626;B
20240216;100031;1412.800000000;48;9618287686;S
20240216;100031;1412.800000000;16;9618287770;S
20240216;100032;1413.000000000;96;9618287876;B
20240216;100032;1413.000000000;3;9618287877;B
20240216;100032;1413.000000000;1;9618287878;B
20240216;100032;1413.000000000;9;9618287983;B
20240216;100032;1413.000000000;1;9618287984;B
20240216;100032;1413.000000000;1;9618287985;B
20240216;100032;1413.000000000;4;9618287986;B
20240216;100035;1413.000000000;1;9618288587;B
20240216;100036;1413.000000000;43;9618288842;B
20240216;100036;1413.000000000;10;9618288843;B
20240216;100036;1413.200000000;1;9618288844;B
20240216;100036;1413.200000000;100;9618288845;B
20240216;100036;1413.400000000;5;9618288846;B
20240216;100036;1413.400000000;50;9618288847;B
20240216;100036;1413.400000000;2;9618288848;B
20240216;100036;1413.400000000;2;9618288849;B
20240216;100036;1413.400000000;50;9618288850;B
20240216;100036;1413.400000000;25;9618288851;B
20240216;100036;1413.600000000;202;9618288852;B
20240216;100036;1413.600000000;52;9618288853;B
20240216;100036;1413.800000000;3;9618288854;B
20240216;100036;1413.800000000;250;9618288855;B
20240216;100036;1414.000000000;1;9618288856;B
20240216;100036;1414.000000000;5;9618288857;B
20240216;100036;1414.000000000;1;9618288858;B
20240216;100036;1414.000000000;1;9618288859;B
20240216;100036;1414.000000000;1000;9618288860;B
20240216;100036;1414.000000000;1000;9618288861;B
20240216;100036;1414.000000000;10;9618288862;B
20240216;100036;1414.000000000;150;9618288863;B
20240216;100036;1414.000000000;5;9618288864;B
20240216;100036;1414.000000000;1;9618288865;B
20240216;100036;1414.000000000;15;9618288866;B
20240216;100036;1414.000000000;10;9618288867;B
20240216;100036;1414.000000000;100;9618288868;B
20240216;100036;1414.200000000;1;9618288869;B
20240216;100036;1414.200000000;56;9618288870;B
20240216;100036;1414.400000000;50;9618288871;B
20240216;100036;1414.400000000;56;9618288872;B
20240216;100036;1414.600000000;30;9618288873;B
20240216;100036;1414.600000000;1;9618288874;B
20240216;100036;1414.600000000;50;9618288875;B
20240216;100036;1414.600000000;56;9618288876;B
20240216;100036;1414.600000000;141;9618288877;B
20240216;100036;1414.800000000;1;9618288878;B
20240216;100036;1414.800000000;2;9618288879;B
20240216;100036;1414.800000000;50;9618288880;B
20240216;100036;1414.800000000;1;9618288881;B
20240216;100036;1414.800000000;1400;9618288882;B
20240216;100036;1415.000000000;6;9618288883;B
20240216;100036;1415.000000000;70;9618288884;B
20240216;100036;1415.000000000;1;9618288885;B
20240216;100036;1415.000000000;1;9618288886;B
20240216;100036;1415.000000000;1;9618288887;B
20240216;100036;1415.000000000;60;9618288888;B
20240216;100036;1415.000000000;20;9618288889;B
20240216;100036;1415.000000000;1;9618288890;B
20240216;100036;1415.000000000;3;9618288891;B
20240216;100036;1415.000000000;100;9618288892;B
20240216;100036;1415.000000000;10;9618288893;B
20240216;100036;1415.000000000;1;9618288894;B
20240216;100036;1415.000000000;1;9618288895;B
20240216;100036;1415.000000000;1;9618288896;B
20240216;100036;1415.000000000;20;9618288897;B
20240216;100036;1415.000000000;30;9618288898;B
20240216;100036;1415.000000000;100;9618288899;B
20240216;100036;1415.000000000;5;9618288900;B
20240216;100036;1415.000000000;5;9618288901;B
20240216;100036;1415.000000000;10;9618288902;B
20240216;100036;1415.200000000;3;9618288903;B
20240216;100036;1415.400000000;1;9618288904;B
20240216;100036;1415.400000000;700;9618288905;B
20240216;100036;1415.600000000;600;9618288906;B
20240216;100036;1415.800000000;1;9618288907;B
20240216;100036;1415.800000000;1;9618288908;B
20240216;100036;1415.800000000;1;9618288909;B
20240216;100036;1415.800000000;1;9618288910;B
20240216;100036;1415.800000000;1;9618288911;B
20240216;100036;1415.800000000;1;9618288912;B
20240216;100036;1415.800000000;1;9618288913;B
20240216;100036;1415.800000000;5;9618288914;B
20240216;100036;1415.800000000;3;9618288915;B
20240216;100036;1415.800000000;5;9618288916;B
20240216;100036;1415.800000000;2;9618288917;B
20240216;100036;1416.000000000;1;9618288918;B
20240216;100036;1416.000000000;1;9618288919;B
20240216;100036;1416.000000000;1;9618288920;B
20240216;100036;1416.000000000;3;9618288921;B
20240216;100036;1416.000000000;10;9618288922;B
20240216;100036;1416.000000000;4;9618288923;B
20240216;100036;1416.000000000;34;9618288924;B
20240216;100036;1416.000000000;1;9618288925;B
20240216;100036;1416.200000000;40;9618288926;B
20240216;100036;1416.400000000;5;9618288927;B
20240216;100036;1416.600000000;139;9618288928;B
20240216;100036;1415.600000000;25;9618288929;B
20240216;100036;1416.400000000;71;9618288930;B
20240216;100036;1416.400000000;100;9618288931;B
20240216;100036;1416.600000000;304;9618288932;B
20240216;100036;1413.200000000;64;9618288933;B
20240216;100036;1414.000000000;25;9618288937;S
20240216;100036;1413.600000000;25;9618288938;S
20240216;100036;1415.600000000;25;9618288939;B
20240216;100036;1416.000000000;25;9618288940;B
20240216;100036;1414.800000000;56;9618288941;S
20240216;100036;1414.800000000;44;9618288942;S
20240216;100036;1415.200000000;56;9618288943;S
20240216;100036;1415.200000000;44;9618288944;S
20240216;100036;1415.400000000;10;9618288947;S
20240216;100036;1416.000000000;213;9618288950;B
20240216;100036;1416.200000000;100;9618288951;B
20240216;100036;1416.200000000;25;9618288952;B
20240216;100036;1416.600000000;162;9618288953;B
20240216;100036;1416.600000000;395;9618288971;B
20240216;100036;1416.600000000;5;9618288972;B
20240216;100036;1416.800000000;10;9618288973;B
20240216;100036;1416.800000000;1;9618288974;B
20240216;100036;1416.800000000;25;9618288975;B
20240216;100036;1417.000000000;1;9618288976;B
20240216;100036;1417.000000000;1;9618288977;B
20240216;100036;1417.000000000;1;9618288978;B
20240216;100036;1417.000000000;50;9618288979;B
20240216;100036;1417.000000000;1;9618288980;B
20240216;100036;1417.000000000;2;9618288981;B
20240216;100036;1417.000000000;8;9618288982;B
20240216;100036;1416.200000000;25;9618288983;S
20240216;100036;1416.200000000;75;9618288984;S
20240216;100036;1416.400000000;4;9618288986;S
20240216;100036;1416.400000000;15;9618288987;S
20240216;100036;1417.200000000;10;9618288988;B
20240216;100036;1416.400000000;1;9618288989;S
20240216;100036;1417.200000000;2;9618289004;B
20240216;100036;1417.200000000;2;9618289005;B
20240216;100036;1416.400000000;2;9618289014;S
20240216;100036;1416.400000000;2;9618289015;S
20240216;100036;1416.400000000;1;9618289016;S
20240216;100036;1416.200000000;3;9618289017;S
20240216;100036;1417.200000000;45;9618289019;B
20240216;100036;1416.200000000;1;9618289020;S
20240216;100036;1416.200000000;1;9618289022;S
20240216;100036;1416.200000000;136;9618289023;S
20240216;100036;1416.200000000;25;9618289024;S
20240216;100036;1416.200000000;3;9618289025;S
20240216;100036;1415.800000000;86;9618289026;S
20240216;100036;1415.800000000;1;9618289027;S
20240216;100036;1415.800000000;5;9618289028;S
20240216;100036;1415.800000000;1;9618289031;S
20240216;100036;1415.800000000;3;9618289034;S
20240216;100036;1415.800000000;3;9618289035;S
20240216;100036;1415.800000000;2;9618289041;S
20240216;100036;1415.800000000;5;9618289042;S
20240216;100037;1415.800000000;56;9618289049;S
20240216;100037;1415.800000000;4;9618289050;S
20240216;100037;1415.800000000;1;9618289052;S
20240216;100037;1415.800000000;11;9618289054;S
20240216;100037;1415.800000000;56;9618289055;S
20240216;100037;1415.600000000;16;9618289056;S
20240216;100037;1415.600000000;3;9618289057;S
20240216;100037;1415.600000000;8;9618289058;S
20240216;100037;1416.200000000;2;9618289068;B
20240216;100037;1416.800000000;106;9618289069;B
20240216;100037;1416.800000000;213;9618289070;B
20240216;100037;1416.800000000;25;9618289071;B
20240216;100037;1417.000000000;300;9618289072;B
20240216;100037;1417.000000000;56;9618289073;B
20240216;100037;1417.200000000;77;9618289074;B
20240216;100037;1417.200000000;21;9618289075;B
20240216;100037;1416.000000000;1;9618289080;B
20240216;100037;1416.600000000;213;9618289081;B
20240216;100037;1417.200000000;29;9618289082;B
20240216;100037;1417.200000000;56;9618289083;B
20240216;100037;1417.400000000;56;9618289084;B
20240216;100037;1417.600000000;5;9618289085;B
20240216;100037;1417.600000000;56;9618289086;B
20240216;100037;1417.600000000;25;9618289087;B
20240216;100037;1417.800000000;59;9618289088;B
20240216;100037;1416.400000000;1;9618289109;S
20240216;100037;1416.000000000;2;9618289113;S
20240216;100037;1415.600000000;1;9618289121;S
20240216;100037;1415.600000000;55;9618289129;S
20240216;100037;1415.400000000;15;9618289130;S
20240216;100037;1416.200000000;1;9618289134;B
20240216;100037;1416.600000000;49;9618289135;B
20240216;100037;1415.400000000;10;9618289138;S
20240216;100037;1415.400000000;31;9618289142;S
20240216;100037;1415.200000000;19;9618289143;S
20240216;100037;1415.400000000;1;9618289144;S
20240216;100037;1415.400000000;55;9618289149;S
20240216;100037;1415.200000000;27;9618289150;S
20240216;100037;1415.200000000;8;9618289155;S
20240216;100037;1415.200000000;30;9618289157;S
20240216;100037;1415.200000000;57;9618289158;S
20240216;100037;1415.200000000;56;9618289159;S
20240216;100037;1415.000000000;1;9618289170;B
20240216;100037;1415.000000000;1;9618289176;B
20240216;100037;1415.000000000;2;9618289182;B
20240216;100037;1414.800000000;56;9618289196;S
20240216;100037;1414.800000000;141;9618289197;S
20240216;100037;1414.600000000;56;9618289198;S
20240216;100037;1414.600000000;25;9618289199;S
20240216;100037;1414.400000000;56;9618289200;S
20240216;100037;1414.200000000;200;9618289201;S
20240216;100037;1414.000000000;700;9618289202;S
20240216;100037;1413.800000000;66;9618289208;B
20240216;100037;1413.800000000;3;9618289212;B
20240216;100037;1413.800000000;144;9618289216;B
20240216;100037;1414.000000000;56;9618289217;B
20240216;100037;1414.000000000;3;9618289218;B
20240216;100037;1414.000000000;4;9618289220;B
20240216;100037;1413.800000000;1;9618289223;S
20240216;100037;1413.800000000;8;9618289226;S
20240216;100037;1414.000000000;5;9618289229;B
20240216;100038;1414.000000000;8;9618289247;B
20240216;100038;1413.800000000;15;9618289287;B
20240216;100038;1413.800000000;2;9618289310;B
20240216;100038;1413.800000000;15;9618289422;B
20240216;100039;1413.800000000;33;9618289480;S
20240216;100039;1414.000000000;1;9618289519;B
20240216;100039;1414.000000000;1;9618289593;B
20240216;100040;1414.000000000;391;9618289594;B
20240216;100040;1414.000000000;1;9618289595;B
20240216;100040;1414.200000000;8;9618289596;B
20240216;100040;1414.200000000;88;9618289666;B
20240216;100040;1414.800000000;112;9618289667;B
20240216;100040;1414.000000000;25;9618289721;S
20240216;100041;1414.200000000;11;9618289936;S
20240216;100044;1414.600000000;50;9618290527;B
20240216;100045;1414.600000000;2;9618290676;B
20240216;100046;1414.200000000;4;9618290885;S
20240216;100046;1414.200000000;10;9618290939;S
20240216;100046;1414.200000000;6;9618290940;S
20240216;100046;1414.000000000;9;9618290941;S
20240216;100047;1414.000000000;3;9618291129;S
20240216;100047;1414.000000000;1;9618291130;S
20240216;100047;1414.000000000;75;9618291131;S
20240216;100047;1414.200000000;2;9618291146;B
20240216;100048;1414.400000000;213;9618291226;B
20240216;100048;1414.600000000;6;9618291365;B
20240216;100049;1414.400000000;1;9618291921;S
20240216;100050;1414.600000000;3;9618292032;B
20240216;100050;1414.600000000;3;9618292061;B
20240216;100050;1414.600000000;2;9618292116;B
20240216;100051;1414.400000000;1;9618292212;S
20240216;100052;1414.400000000;2;9618292458;S
20240216;100053;1414.600000000;1;9618292565;B
20240216;100054;1414.400000000;50;9618292710;S
20240216;100054;1414.400000000;1;9618292837;S
20240216;100055;1414.600000000;33;9618293016;B
20240216;100055;1414.600000000;2;9618293017;B
20240216;100055;1414.600000000;35;9618293027;B
20240216;100056;1414.400000000;1;9618293197;S
20240216;100056;1414.600000000;1;9618293216;B
20240216;100057;1414.600000000;26;9618293310;B
20240216;100057;1414.600000000;26;9618293327;B
20240216;100057;1414.400000000;1;9618293472;S
20240216;100057;1414.600000000;2;9618293574;B
20240216;100058;1414.400000000;300;9618293758;S
20240216;100058;1414.600000000;2;9618293822;B
20240216;100100;1414.600000000;1;9618294101;B
20240216;100100;1414.400000000;4;9618294161;S
20240216;100100;1414.400000000;1;9618294230;S
20240216;100100;1414.400000000;1;9618294242;S
20240216;100100;1414.400000000;24;9618294244;S
20240216;100100;1414.400000000;223;9618294245;S
20240216;100100;1414.400000000;10;9618294246;S
20240216;100100;1414.400000000;15;9618294247;S
20240216;100100;1414.400000000;12;9618294248;S
20240216;100100;1414.400000000;5;9618294249;S
20240216;100100;1414.400000000;9;9618294250;S
20240216;100101;1414.200000000;1;9618294301;S
20240216;100101;1414.200000000;9;9618294302;S
20240216;100101;1414.200000000;10;9618294303;S
20240216;100101;1414.400000000;60;9618294335;B
20240216;100101;1414.200000000;2;9618294376;S
20240216;100101;1414.200000000;48;9618294377;S
20240216;100102;1414.400000000;1;9618294476;B
20240216;100102;1414.400000000;141;9618294611;B
20240216;100102;1414.400000000;24;9618294612;B
20240216;100103;1414.200000000;1;9618294813;S
20240216;100104;1414.400000000;1;9618295014;B
20240216;100105;1414.400000000;1;9618295061;B
20240216;100106;1414.400000000;3;9618295239;B
20240216;100106;1414.400000000;1;9618295275;B
20240216;100107;1414.200000000;34;9618295410;S
20240216;100107;1414.200000000;253;9618295411;S
20240216;100107;1414.200000000;2;9618295628;S
20240216;100108;1414.400000000;183;9618295648;B
20240216;100108;1414.400000000;141;9618295649;B
20240216;100108;1414.600000000;76;9618295650;B
20240216;100108;1414.400000000;40;9618295655;B
20240216;100108;1414.200000000;10;9618295665;S
20240216;100108;1414.200000000;140;9618295666;S
20240216;100108;1414.400000000;45;9618295679;B
20240216;100108;1414.400000000;1;9618295761;B
20240216;100110;1414.400000000;7;9618296009;B
20240216;100110;1414.400000000;7;9618296027;B
20240216;100110;1414.200000000;200;9618296102;S
20240216;100110;1414.200000000;32;9618296107;S
20240216;100110;1414.200000000;18;9618296108;S
20240216;100111;1414.400000000;4;9618296290;B
20240216;100112;1414.400000000;7;9618296404;B
20240216;100113;1414.400000000;1;9618296546;B
20240216;100113;1414.200000000;4;9618296581;S
20240216;100114;1414.400000000;2;9618296763;B
20240216;100116;1414.600000000;29;9618297038;B
20240216;100116;1414.600000000;1;9618297039;B
20240216;100116;1414.600000000;1;9618297094;B
20240216;100116;1414.200000000;2;9618297117;S
20240216;100116;1414.200000000;53;9618297118;S
20240216;100118;1414.200000000;3;9618297287;S
20240216;100118;1414.400000000;2;9618297345;B
20240216;100118;1414.600000000;1;9618297346;B
20240216;100118;1414.600000000;4;9618297347;B
20240216;100121;1414.600000000;1;9618297719;B
20240216;100122;1414.600000000;15;9618297785;B
20240216;100122;1414.600000000;50;9618297786;B
20240216;100122;1414.600000000;5;9618297787;B
20240216;100122;1414.800000000;14;9618297788;B
20240216;100122;1414.800000000;16;9618297789;B
20240216;100123;1414.400000000;9;9618297831;B
20240216;100123;1414.200000000;4;9618297951;S
20240216;100124;1414.400000000;200;9618298042;B
20240216;100124;1414.400000000;2;9618298132;B
20240216;100125;1414.400000000;35;9618298312;B
20240216;100127;1414.200000000;655;9618298602;S
20240216;100127;1414.200000000;5;9618298603;S
20240216;100127;1414.200000000;1;9618298620;B
20240216;100129;1414.000000000;2;9618298795;S
20240216;100129;1414.200000000;25;9618298798;B
20240216;100130;1414.000000000;3;9618298910;S
20240216;100130;1414.200000000;1;9618299015;B
20240216;100130;1414.200000000;27;9618299017;B
20240216;100131;1414.200000000;1;9618299132;B
20240216;100132;1414.200000000;1;9618299163;B
20240216;100132;1414.200000000;1;9618299187;B
20240216;100133;1414.200000000;30;9618299361;B
20240216;100133;1414.200000000;3;9618299463;B
20240216;100134;1414.000000000;95;9618299563;S
20240216;100134;1414.000000000;10;9618299564;S
20240216;100134;1414.000000000;7;9618299565;S
20240216;100134;1413.200000000;5;9618299566;S
20240216;100135;1413.400000000;9;9618299856;B
20240216;100136;1413.400000000;5;9618299864;B
20240216;100136;1413.400000000;2;9618299911;B
20240216;100137;1413.200000000;1;9618300031;B
20240216;100137;1413.200000000;1;9618300033;B
20240216;100138;1413.000000000;50;9618300079;S
20240216;100138;1413.000000000;3;9618300080;S
20240216;100138;1412.400000000;56;9618300081;S
20240216;100138;1412.400000000;25;9618300082;S
20240216;100138;1412.400000000;1;9618300083;S
20240216;100138;1412.000000000;2;9618300093;S
20240216;100139;1413.200000000;3;9618300514;B
20240216;100139;1413.200000000;3;9618300515;B
20240216;100141;1413.200000000;80;9618300898;B
20240216;100141;1413.200000000;15;9618300951;B
20240216;100144;1413.000000000;2;9618301331;S
20240216;100146;1412.200000000;20;9618301694;S
20240216;100147;1412.200000000;1;9618301917;S
20240216;100148;1412.600000000;3;9618301959;B
20240216;100148;1412.200000000;1;9618301962;S
20240216;100148;1412.600000000;5;9618301976;B
20240216;100148;1412.600000000;1;9618302020;B
20240216;100148;1412.600000000;2;9618302117;B
20240216;100149;1412.200000000;2;9618302172;S
20240216;100150;1412.200000000;5;9618302303;S
20240216;100150;1412.200000000;1;9618302607;S
20240216;100151;1412.400000000;20;9618302636;B
20240216;100152;1412.200000000;5;9618302831;S
20240216;100152;1412.200000000;35;9618302875;S
20240216;100152;1412.200000000;30;9618302876;S
20240216;100152;1412.000000000;9;9618302877;S
20240216;100152;1412.000000000;1;9618302878;S
20240216;100152;1412.000000000;5;9618302879;S
20240216;100152;1411.800000000;33;9618302880;S
20240216;100153;1411.800000000;1;9618303004;B
20240216;100154;1411.600000000;1;9618303125;S
20240216;100154;1411.600000000;1;9618303128;B
20240216;100155;1411.400000000;1;9618303187;S
20240216;100155;1411.400000000;1;9618303206;S
20240216;100155;1411.400000000;8;9618303207;S
20240216;100155;1411.200000000;91;9618303208;S
20240216;100156;1411.200000000;50;9618303338;S
20240216;100156;1411.600000000;2;9618303347;B
20240216;100156;1411.600000000;147;9618303348;B
20240216;100156;1411.600000000;1;9618303351;B
20240216;100157;1411.600000000;1;9618303541;B
20240216;100157;1411.200000000;1;9618303604;S
20240216;100157;1411.200000000;7;9618303612;S
20240216;100159;1411.600000000;2;9618303774;B
20240216;100159;1411.600000000;1;9618303780;B
20240216;100159;1411.200000000;3;9618303781;S
20240216;100202;1411.400000000;30;9618304154;B
20240216;100202;1411.400000000;11;9618304182;B
20240216;100202;1411.200000000;100;9618304226;S
20240216;100202;1411.200000000;99;9618304295;S
20240216;100203;1411.200000000;10;9618304384;S
20240216;100204;1411.400000000;5;9618304702;B
20240216;100205;1411.200000000;139;9618304745;S
20240216;100205;1411.200000000;70;9618304746;S
20240216;100205;1410.800000000;16;9618304747;S
20240216;100205;1410.800000000;116;9618304748;S
20240216;100205;1410.600000000;30;9618304749;S
20240216;100205;1410.600000000;3;9618304750;S
20240216;100205;1410.600000000;2;9618304829;S
20240216;100205;1410.600000000;19;9618304830;S
20240216;100206;1411.200000000;3;9618304905;B
20240216;100206;1411.400000000;4;9618304906;B
20240216;100208;1411.000000000;1;9618305108;S
20240216;100209;1411.000000000;1;9618305279;S
20240216;100211;1411.400000000;5;9618305437;B
20240216;100215;1411.200000000;17;9618306139;S
20240216;100215;1411.200000000;70;9618306140;S
20240216;100215;1411.000000000;98;9618306141;S
20240216;100215;1411.000000000;1;9618306142;S
20240216;100216;1410.600000000;25;9618306262;S
20240216;100216;1411.000000000;1;9618306330;B
20240216;100218;1411.000000000;1;9618306577;B
20240216;100218;1411.000000000;2;9618306646;B
20240216;100218;1410.600000000;1;9618306654;S
20240216;100219;1411.000000000;1;9618306700;B
20240216;100221;1410.800000000;14;9618307245;B
20240216;100221;1410.800000000;36;9618307246;B
20240216;100221;1410.800000000;15;9618307256;B
20240216;100222;1410.800000000;40;9618307389;B
20240216;100223;1410.400000000;1;9618307542;S
20240216;100223;1411.000000000;2;9618307559;B
20240216;100224;1411.000000000;6;9618307605;B
20240216;100225;1411.000000000;5;9618307695;B
20240216;100225;1411.000000000;1;9618307832;B
20240216;100229;1411.000000000;5;9618308200;B
20240216;100230;1411.000000000;2;9618308491;B
20240216;100230;1410.800000000;4;9618308508;S
20240216;100232;1411.000000000;9;9618308734;B
20240216;100233;1411.000000000;14;9618308876;B
20240216;100233;1411.000000000;10;9618308953;B
20240216;100235;1411.000000000;10;9618309137;B
20240216;100235;1411.000000000;20;9618309138;B
20240216;100235;1411.000000000;2;9618309156;B
20240216;100235;1411.000000000;1;9618309178;B
20240216;100235;1411.000000000;1;9618309194;B
20240216;100235;1410.800000000;3;9618309196;S
20240216;100236;1411.000000000;1;9618309246;B
20240216;100236;1410.800000000;5;9618309292;S
20240216;100236;1411.000000000;2;9618309314;B
20240216;100237;1411.000000000;2;9618309353;B
20240216;100240;1411.000000000;2;9618309864;B
20240216;100241;1410.800000000;2;9618310032;S
20240216;100242;1411.000000000;2;9618310066;B
20240216;100242;1411.000000000;2;9618310078;B
20240216;100244;1410.800000000;1;9618310335;S
20240216;100244;1410.800000000;2;9618310336;S
20240216;100250;1411.000000000;1;9618310991;B
20240216;100250;1411.000000000;9;9618311101;B
20240216;100250;1411.000000000;50;9618311102;B
20240216;100250;1411.000000000;1;9618311103;B
20240216;100251;1411.000000000;2;9618311198;S
20240216;100251;1411.000000000;70;9618311199;S
20240216;100301;1411.000000000;174;9618312548;B
20240216;100301;1411.600000000;195;9618312636;B
20240216;100301;1411.600000000;10;9618312637;B
20240216;100301;1411.600000000;5;9618312638;B
20240216;100301;1411.600000000;2;9618312639;B
20240216;100301;1411.800000000;56;9618312640;B
20240216;100301;1411.800000000;26;9618312641;B
20240216;100301;1411.800000000;25;9618312642;B
20240216;100301;1411.800000000;33;9618312643;B
20240216;100301;1412.000000000;56;9618312644;B
20240216;100301;1412.000000000;141;9618312645;B
20240216;100301;1412.200000000;50;9618312646;B
20240216;100301;1412.200000000;16;9618312647;B
20240216;100301;1412.200000000;56;9618312648;B
20240216;100301;1412.200000000;171;9618312649;B
20240216;100301;1412.400000000;68;9618312650;B
20240216;100301;1412.600000000;1;9618312651;B
20240216;100301;1412.600000000;89;9618312652;B
20240216;100304;1412.600000000;1;9618313127;B
20240216;100306;1412.600000000;24;9618313464;B
20240216;100306;1412.800000000;1;9618313465;B
20240216;100306;1412.800000000;1;9618313466;B
20240216;100306;1412.800000000;141;9618313467;B
20240216;100306;1412.800000000;26;9618313468;B
20240216;100306;1412.800000000;30;9618313469;B
20240216;100306;1413.000000000;1;9618313470;B
20240216;100306;1413.000000000;5;9618313471;B
20240216;100306;1413.000000000;56;9618313472;B
20240216;100306;1413.000000000;158;9618313473;B
20240216;100306;1413.200000000;56;9618313474;B
20240216;100306;1413.400000000;94;9618313475;B
20240216;100306;1413.400000000;56;9618313476;B
20240216;100306;1413.400000000;9;9618313477;B
20240216;100306;1413.600000000;1;9618313478;B
20240216;100306;1413.600000000;12;9618313479;B
20240216;100306;1413.600000000;150;9618313480;B
20240216;100306;1413.800000000;40;9618313481;B
20240216;100306;1413.800000000;34;9618313482;B
20240216;100306;1414.000000000;105;9618313483;B
20240216;100307;1413.600000000;10;9618313616;B
20240216;100308;1413.200000000;15;9618313714;S
20240216;100310;1413.600000000;1;9618313976;B
20240216;100310;1413.600000000;4;9618314030;B
20240216;100312;1413.200000000;2;9618314279;S
20240216;100312;1413.600000000;136;9618314280;B
20240216;100312;1413.600000000;26;9618314281;B
20240216;100312;1413.600000000;28;9618314282;B
20240216;100312;1413.800000000;56;9618314283;B
20240216;100312;1413.800000000;25;9618314284;B
20240216;100312;1413.800000000;147;9618314285;B
20240216;100312;1414.000000000;582;9618314286;B
20240216;100316;1413.400000000;12;9618315100;B
20240216;100316;1413.400000000;3;9618315101;B
20240216;100317;1413.600000000;1;9618315149;B
20240216;100317;1413.200000000;4;9618315180;S
20240216;100317;1413.200000000;2;9618315187;S
20240216;100318;1413.600000000;1;9618315396;B
20240216;100319;1413.600000000;2;9618315517;B
20240216;100320;1413.600000000;11;9618315693;B
20240216;100321;1413.600000000;126;9618315755;B
20240216;100321;1413.800000000;25;9618315756;B
20240216;100321;1413.800000000;139;9618315757;B
20240216;100321;1414.000000000;10;9618315758;B
20240216;100321;1413.800000000;1;9618315789;B
20240216;100325;1413.600000000;2;9618316457;B
20240216;100325;1413.600000000;28;9618316458;B
20240216;100326;1413.600000000;11;9618316560;B
20240216;100328;1414.000000000;2;9618316802;B
20240216;100330;1413.800000000;1;9618317091;S
20240216;100330;1414.000000000;5;9618317169;B
20240216;100330;1413.600000000;1;9618317207;S
20240216;100332;1414.000000000;72;9618317357;B
20240216;100333;1413.600000000;40;9618317486;S
20240216;100335;1413.800000000;1;9618317651;B
20240216;100337;1413.600000000;1;9618317971;S
20240216;100338;1413.800000000;45;9618318026;B
20240216;100338;1413.800000000;133;9618318027;B
20240216;100338;1414.000000000;22;9618318028;B
20240216;100341;1413.600000000;69;9618318438;S
20240216;100341;1413.600000000;1;9618318439;S
20240216;100341;1413.600000000;2;9618318440;S
20240216;100341;1413.400000000;213;9618318441;S
20240216;100341;1413.200000000;26;9618318442;S
20240216;100341;1413.200000000;3;9618318443;S
20240216;100341;1413.200000000;25;9618318444;S
20240216;100341;1413.000000000;50;9618318445;S
20240216;100341;1413.000000000;56;9618318446;S
20240216;100341;1413.000000000;109;9618318447;S
20240216;100341;1412.800000000;56;9618318448;S
20240216;100341;1412.800000000;200;9618318449;S
20240216;100341;1412.600000000;56;9618318450;S
20240216;100341;1412.600000000;1;9618318451;S
20240216;100341;1412.600000000;1;9618318452;S
20240216;100341;1412.600000000;15;9618318453;S
20240216;100341;1412.400000000;16;9618318454;S
20240216;100341;1412.400000000;284;9618318455;S
20240216;100341;1412.200000000;5;9618318456;S
20240216;100341;1412.200000000;700;9618318457;S
20240216;100341;1412.000000000;100;9618318458;S
20240216;100341;1412.000000000;141;9618318459;S
20240216;100341;1411.800000000;1000;9618318460;S
20240216;100341;1411.800000000;80;9618318461;S
20240216;100341;1411.600000000;1400;9618318462;S
20240216;100341;1411.600000000;700;9618318463;S
20240216;100341;1411.200000000;1;9618318464;S
20240216;100341;1411.200000000;70;9618318465;S
20240216;100341;1411.000000000;1;9618318466;S
20240216;100341;1411.000000000;5;9618318467;S
20240216;100341;1411.000000000;110;9618318468;B
20240216;100341;1411.000000000;26;9618318469;B
20240216;100341;1411.000000000;13;9618318470;B
20240216;100341;1410.800000000;56;9618318473;S
20240216;100342;1410.600000000;5;9618318682;S
20240216;100342;1410.600000000;2;9618318788;B
20240216;100343;1410.400000000;10;9618318893;S
20240216;100343;1410.400000000;27;9618318894;S
20240216;100343;1411.000000000;1;9618318993;B
20240216;100344;1411.000000000;1;9618319113;B
20240216;100345;1411.000000000;5;9618319145;B
20240216;100348;1411.000000000;1;9618319506;B
20240216;100348;1411.000000000;2;9618319604;B
20240216;100352;1411.000000000;3;9618320137;B
20240216;100354;1411.000000000;2;9618320330;B
20240216;100354;1411.000000000;300;9618320350;B
20240216;100354;1411.000000000;1;9618320356;B
20240216;100358;1411.000000000;7;9618320705;B
20240216;100359;1411.000000000;1;9618320961;B
20240216;100400;1411.000000000;3;9618321050;B
20240216;100400;1411.000000000;6;9618321124;B
20240216;100401;1410.800000000;56;9618321207;S
20240216;100401;1410.800000000;14;9618321208;S
20240216;100404;1410.800000000;1;9618321590;S
20240216;100405;1411.000000000;100;9618321758;B
20240216;100405;1411.000000000;20;9618321790;B
20240216;100406;1411.000000000;7;9618321868;B
20240216;100407;1411.000000000;2;9618321993;B
20240216;100409;1411.000000000;6;9618322274;B
20240216;100409;1411.000000000;3;9618322275;B
20240216;100409;1411.000000000;3;9618322276;B
20240216;100409;1411.000000000;33;9618322277;B
20240216;100409;1411.000000000;10;9618322300;B
20240216;100409;1411.000000000;7;9618322309;B
20240216;100410;1411.000000000;1;9618322514;B
20240216;100411;1410.800000000;10;9618322515;S
20240216;100411;1410.800000000;3;9618322516;S
20240216;100411;1410.400000000;1;9618322527;S
20240216;100411;1410.400000000;32;9618322528;S
20240216;100411;1410.400000000;38;9618322529;S
20240216;100412;1410.400000000;100;9618322742;S
20240216;100412;1410.400000000;75;9618322743;S
20240216;100412;1410.400000000;24;9618322744;S
20240216;100412;1410.400000000;88;9618322784;B
20240216;100412;1410.600000000;12;9618322785;B
20240216;100413;1410.400000000;2;9618322902;S
20240216;100414;1410.400000000;4;9618323102;S
20240216;100415;1410.800000000;19;9618323174;B
20240216;100416;1410.800000000;2;9618323287;B
20240216;100416;1410.800000000;1;9618323295;B
20240216;100417;1410.600000000;3;9618323499;S
20240216;100419;1410.800000000;6;9618323878;B
20240216;100419;1410.800000000;23;9618323879;B
20240216;100419;1411.000000000;1;9618323880;B
20240216;100419;1410.600000000;8;9618323959;S
20240216;100420;1411.000000000;4;9618324096;B
20240216;100421;1411.000000000;6;9618324371;B
20240216;100422;1411.000000000;5;9618324413;B
20240216;100423;1411.000000000;1;9618324711;B
20240216;100424;1410.800000000;10;9618324876;S
20240216;100424;1410.800000000;10;9618324877;S
20240216;100425;1411.000000000;1;9618324900;B
20240216;100425;1411.000000000;1;9618324941;B
20240216;100426;1411.000000000;2;9618325014;B
20240216;100427;1411.000000000;10;9618325216;B
20240216;100427;1410.800000000;71;9618325220;S
20240216;100427;1411.000000000;10;9618325300;B
20240216;100428;1411.000000000;2;9618325504;B
20240216;100428;1411.000000000;1;9618325555;B
20240216;100429;1410.800000000;1;9618325567;S
20240216;100429;1411.000000000;1;9618325591;B
20240216;100430;1411.000000000;4;9618325788;B
20240216;100430;1411.000000000;1;9618325789;B
20240216;100431;1411.000000000;15;9618325863;B
20240216;100431;1411.000000000;1;9618325864;B
20240216;100431;1411.000000000;5;9618325865;B
20240216;100431;1411.000000000;118;9618325866;B
20240216;100432;1411.200000000;5;9618325968;B
20240216;100433;1411.000000000;61;9618326128;S
20240216;100433;1411.000000000;23;9618326129;S
20240216;100433;1410.800000000;55;9618326130;S
20240216;100433;1410.800000000;5;9618326131;S
20240216;100433;1410.600000000;54;9618326132;S
20240216;100433;1410.600000000;51;9618326133;S
20240216;100435;1411.200000000;5;9618326369;B
20240216;100436;1411.200000000;1;9618326562;B
20240216;100439;1411.200000000;42;9618326925;B
20240216;100439;1411.000000000;1;9618326993;S
20240216;100439;1411.000000000;3;9618326994;S
20240216;100439;1411.200000000;1;9618327003;B
20240216;100441;1411.200000000;20;9618327297;B
20240216;100441;1411.400000000;23;9618327298;B
20240216;100441;1411.600000000;26;9618327299;B
20240216;100441;1411.600000000;131;9618327300;B
20240216;100442;1411.000000000;5;9618327464;S
20240216;100442;1411.000000000;5;9618327465;S
20240216;100443;1411.200000000;2;9618327563;B
20240216;100443;1411.000000000;5;9618327573;S
20240216;100443;1411.200000000;1;9618327600;B
20240216;100444;1411.200000000;1;9618327692;B
20240216;100446;1411.600000000;47;9618327974;B
20240216;100446;1411.600000000;2;9618327975;B
20240216;100446;1411.800000000;3;9618327976;B
20240216;100446;1411.800000000;25;9618327977;B
20240216;100446;1411.800000000;22;9618327978;B
20240216;100446;1412.000000000;150;9618327979;B
20240216;100446;1412.000000000;51;9618327980;B
20240216;100448;1411.800000000;1;9618328327;B
20240216;100448;1411.800000000;10;9618328384;B
20240216;100450;1411.200000000;4;9618328806;S
20240216;100451;1411.200000000;5;9618328899;S
20240216;100451;1411.800000000;9;9618328909;B
20240216;100454;1411.800000000;1;9618329418;B
20240216;100455;1411.200000000;1;9618329660;S
20240216;100458;1411.200000000;16;9618329972;S
20240216;100458;1411.200000000;1;9618329973;S
20240216;100458;1411.000000000;22;9618329974;S
20240216;100458;1411.000000000;1;9618329975;S
20240216;100458;1411.000000000;22;9618329976;S
20240216;100458;1410.800000000;1;9618329977;S
20240216;100458;1410.800000000;213;9618329978;S
20240216;100458;1410.800000000;56;9618329979;S
20240216;100458;1410.800000000;25;9618329980;S
20240216;100458;1410.800000000;9;9618329981;S
20240216;100458;1410.600000000;5;9618329982;S
20240216;100458;1410.600000000;29;9618329983;S
20240216;100458;1411.800000000;4;9618330057;B
20240216;100458;1411.800000000;29;9618330058;B
20240216;100458;1412.000000000;2;9618330059;B
20240216;100459;1411.800000000;3;9618330124;B
20240216;100502;1411.400000000;2;9618330637;S
20240216;100503;1411.400000000;25;9618330821;S
20240216;100506;1412.000000000;25;9618331280;B
20240216;100506;1412.200000000;3;9618331281;B
20240216;100506;1412.200000000;85;9618331282;B
20240216;100506;1412.200000000;26;9618331422;B
20240216;100506;1412.200000000;64;9618331423;B
20240216;100507;1412.200000000;3;9618331636;B
20240216;100510;1412.000000000;1;9618332098;B
20240216;100511;1411.800000000;27;9618332260;S
20240216;100511;1411.800000000;22;9618332261;S
20240216;100512;1411.800000000;5;9618332404;B
20240216;100513;1411.800000000;36;9618332508;B
20240216;100516;1411.800000000;1;9618333300;B
20240216;100516;1411.800000000;1;9618333329;B
20240216;100517;1411.800000000;3;9618333380;B
20240216;100518;1411.600000000;20;9618333474;S
20240216;100518;1411.800000000;5;9618333486;B
20240216;100519;1411.800000000;1;9618333609;B
20240216;100519;1411.800000000;7;9618333627;B
20240216;100519;1411.600000000;3;9618333648;S
20240216;100520;1411.600000000;4;9618333689;S
20240216;100520;1411.600000000;186;9618333727;S
20240216;100520;1411.600000000;14;9618333728;S
20240216;100523;1411.800000000;10;9618334386;B
20240216;100526;1411.800000000;50;9618334831;B
20240216;100526;1411.800000000;2;9618334853;B
20240216;100526;1411.800000000;1;9618334857;B
20240216;100526;1411.800000000;1;9618334904;B
20240216;100527;1411.800000000;2;9618334963;B
20240216;100527;1411.800000000;35;9618334996;B
20240216;100528;1411.800000000;1;9618335169;B
20240216;100530;1411.800000000;40;9618335335;B
20240216;100530;1411.800000000;50;9618335336;B
20240216;100531;1411.800000000;5;9618335579;S
20240216;100531;1412.000000000;1;9618335581;B
20240216;100532;1412.000000000;2;9618335729;B
20240216;100532;1412.000000000;1;9618335730;B
20240216;100532;1412.000000000;2;9618335731;B
20240216;100532;1411.800000000;18;9618335740;S
20240216;100532;1411.800000000;36;9618335741;S
20240216;100532;1411.800000000;51;9618335742;S
20240216;100532;1411.800000000;13;9618335743;S
20240216;100535;1411.800000000;2;9618336128;B
20240216;100537;1412.000000000;5;9618336408;B
20240216;100537;1412.200000000;1;9618336429;B
20240216;100541;1412.000000000;1;9618336908;B
20240216;100541;1411.800000000;3;9618336943;S
20240216;100541;1411.800000000;13;9618336944;S
20240216;100541;1411.800000000;14;9618336971;B
20240216;100543;1412.000000000;7;9618337169;B
20240216;100543;1412.200000000;2;9618337183;B
20240216;100543;1412.200000000;10;9618337184;B
20240216;100547;1412.200000000;3;9618337746;B
20240216;100547;1412.200000000;5;9618337819;B
20240216;100547;1412.200000000;30;9618337820;B
20240216;100548;1412.200000000;3;9618337981;B
20240216;100551;1412.200000000;5;9618338326;B
20240216;100552;1412.000000000;1;9618338385;S
20240216;100552;1412.000000000;1;9618338386;S
20240216;100552;1412.000000000;1;9618338387;S
20240216;100552;1412.000000000;5;9618338483;B
20240216;100553;1412.200000000;285;9618338512;B
20240216;100554;1412.200000000;1;9618338641;B
20240216;100554;1411.800000000;1;9618338681;S
20240216;100555;1412.000000000;1;9618338753;B
20240216;100555;1412.000000000;2;9618338767;B
20240216;100555;1412.000000000;17;9618338778;B
20240216;100555;1412.000000000;119;9618338779;B
20240216;100555;1412.200000000;219;9618338780;B
20240216;100557;1412.200000000;1;9618338970;B
20240216;100557;1412.200000000;10;9618339005;B
20240216;100557;1412.200000000;2;9618339045;B
20240216;100602;1412.200000000;15;9618339748;B
20240216;100603;1412.000000000;69;9618339773;S
20240216;100603;1411.800000000;3;9618339774;S
20240216;100603;1411.800000000;2;9618339775;S
20240216;100603;1411.800000000;1;9618339776;S
20240216;100603;1411.800000000;7;9618339777;S
20240216;100603;1411.800000000;23;9618339778;S
20240216;100603;1411.600000000;213;9618339779;S
20240216;100603;1411.600000000;1;9618339780;S
20240216;100603;1411.600000000;40;9618339781;S
20240216;100603;1411.600000000;1;9618339782;S
20240216;100603;1411.600000000;200;9618339783;S
20240216;100603;1411.600000000;2;9618339784;S
20240216;100603;1411.600000000;25;9618339785;S
20240216;100603;1411.400000000;26;9618339786;S
20240216;100603;1411.400000000;387;9618339787;S
20240216;100603;1411.800000000;1;9618339788;B
20240216;100603;1411.600000000;3;9618339797;S
20240216;100605;1412.000000000;1;9618340068;B
20240216;100605;1411.800000000;2;9618340129;B
20240216;100608;1412.000000000;1;9618340506;B
20240216;100609;1411.800000000;1;9618340658;B
20240216;100609;1411.600000000;41;9618340661;S
20240216;100609;1412.000000000;1;9618340770;B
20240216;100610;1411.600000000;1;9618340829;S
20240216;100613;1411.800000000;2;9618341172;B
20240216;100613;1411.800000000;23;9618341173;B
20240216;100613;1412.000000000;28;9618341174;B
20240216;100613;1412.000000000;4;9618341345;B
20240216;100617;1411.800000000;4;9618341958;B
20240216;100617;1411.400000000;30;9618342004;S
20240216;100618;1411.400000000;1;9618342239;S
20240216;100619;1411.800000000;36;9618342335;B
20240216;100620;1412.000000000;2;9618342453;B
20240216;100620;1412.000000000;3;9618342547;B
20240216;100622;1411.600000000;6;9618342694;S
20240216;100627;1411.800000000;5;9618343557;B
20240216;100631;1411.600000000;207;9618344159;S
20240216;100631;1411.400000000;582;9618344160;S
20240216;100631;1411.400000000;3;9618344161;S
20240216;100631;1411.400000000;1;9618344162;S
20240216;100631;1411.400000000;56;9618344163;S
20240216;100631;1411.400000000;30;9618344164;S
20240216;100631;1411.400000000;25;9618344165;S
20240216;100631;1411.200000000;8;9618344166;S
20240216;100631;1411.200000000;7;9618344167;S
20240216;100631;1411.200000000;26;9618344168;S
20240216;100631;1411.200000000;56;9618344169;S
20240216;100631;1411.200000000;23;9618344170;S
20240216;100631;1411.000000000;1;9618344171;S
20240216;100631;1411.000000000;70;9618344172;S
20240216;100631;1411.000000000;20;9618344173;S
20240216;100631;1411.000000000;56;9618344174;S
20240216;100631;1410.800000000;1;9618344175;S
20240216;100631;1410.400000000;2;9618344176;S
20240216;100631;1410.400000000;3;9618344177;S
20240216;100631;1410.400000000;1;9618344178;S
20240216;100631;1410.400000000;5;9618344179;S
20240216;100631;1410.400000000;141;9618344180;S
20240216;100631;1410.200000000;1;9618344181;S
20240216;100631;1410.200000000;100;9618344182;S
20240216;100631;1410.200000000;700;9618344183;S
20240216;100631;1410.200000000;3;9618344184;S
20240216;100631;1410.000000000;1;9618344185;S
20240216;100631;1410.000000000;1;9618344186;S
20240216;100631;1410.000000000;1;9618344187;S
20240216;100631;1410.000000000;10;9618344188;S
20240216;100631;1410.000000000;3;9618344189;S
20240216;100631;1410.000000000;2;9618344190;S
20240216;100631;1410.000000000;12;9618344191;S
20240216;100631;1410.000000000;10;9618344192;S
20240216;100631;1410.000000000;480;9618344193;S
20240216;100631;1410.000000000;1;9618344194;S
20240216;100631;1410.000000000;20;9618344195;S
20240216;100631;1410.000000000;1;9618344196;S
20240216;100631;1410.000000000;2;9618344197;S
20240216;100631;1410.000000000;2;9618344198;S
20240216;100631;1410.000000000;125;9618344199;S
20240216;100631;1410.000000000;2;9618344200;S
20240216;100631;1410.000000000;4;9618344201;S
20240216;100631;1410.000000000;150;9618344202;S
20240216;100631;1410.000000000;30;9618344203;S
20240216;100631;1410.000000000;140;9618344204;S
20240216;100631;1410.000000000;2;9618344205;S
20240216;100631;1410.000000000;20;9618344206;S
20240216;100631;1410.000000000;1;9618344207;S
20240216;100631;1409.800000000;21;9618344208;S
20240216;100631;1409.800000000;179;9618344209;S
20240216;100631;1409.800000000;5;9618344210;S
20240216;100631;1409.800000000;10;9618344211;S
20240216;100631;1409.800000000;1;9618344212;S
20240216;100631;1409.600000000;2;9618344214;S
20240216;100631;1409.600000000;47;9618344215;S
20240216;100631;1409.600000000;164;9618344216;S
20240216;100631;1409.600000000;213;9618344224;S
20240216;100631;1409.400000000;2;9618344289;S
20240216;100631;1409.400000000;1;9618344290;S
20240216;100631;1409.200000000;26;9618344291;S
20240216;100631;1409.200000000;14;9618344292;S
20240216;100631;1409.600000000;26;9618344293;B
20240216;100631;1409.600000000;74;9618344294;B
20240216;100631;1409.600000000;1;9618344295;B
20240216;100631;1409.200000000;9;9618344310;S
20240216;100631;1409.200000000;12;9618344317;S
20240216;100632;1409.200000000;20;9618344396;S
20240216;100632;1409.800000000;3;9618344522;B
20240216;100634;1409.200000000;101;9618344742;S
20240216;100636;1409.800000000;1;9618344996;B
20240216;100637;1409.800000000;1;9618345141;B
20240216;100637;1409.800000000;20;9618345230;B
20240216;100637;1409.800000000;1;9618345231;B
20240216;100637;1409.800000000;1;9618345232;B
20240216;100637;1409.800000000;1;9618345255;B
20240216;100637;1409.800000000;20;9618345276;B
20240216;100638;1409.800000000;5;9618345299;B
20240216;100641;1409.800000000;56;9618345821;S
20240216;100641;1409.600000000;12;9618345822;S
20240216;100641;1409.600000000;44;9618345823;S
20240216;100641;1410.600000000;26;9618345920;B
20240216;100641;1410.800000000;25;9618345921;B
20240216;100641;1410.800000000;71;9618345922;B
20240216;100641;1411.000000000;110;9618345923;B
20240216;100641;1411.000000000;16;9618345924;B
20240216;100641;1411.000000000;25;9618345925;B
20240216;100641;1411.200000000;213;9618345926;B
20240216;100641;1411.200000000;284;9618345927;B
20240216;100641;1411.200000000;200;9618345928;B
20240216;100641;1411.400000000;30;9618345929;B
20240216;100641;1410.400000000;20;9618346041;S
20240216;100643;1411.200000000;1;9618346334;B
20240216;100646;1410.600000000;56;9618346940;S
20240216;100646;1410.600000000;25;9618346941;S
20240216;100646;1410.600000000;7;9618346942;S
20240216;100646;1410.400000000;213;9618346943;S
20240216;100646;1410.400000000;56;9618346944;S
20240216;100646;1410.200000000;56;9618346945;S
20240216;100646;1410.200000000;25;9618346946;S
20240216;100646;1410.000000000;141;9618346947;S
20240216;100646;1409.800000000;4;9618346948;S
20240216;100646;1409.600000000;16;9618346949;S
20240216;100646;1409.600000000;10;9618346950;S
20240216;100646;1409.400000000;71;9618346951;S
20240216;100646;1409.200000000;2;9618346952;S
20240216;100646;1409.200000000;284;9618346953;S
20240216;100646;1409.200000000;200;9618346954;S
20240216;100646;1409.000000000;1;9618346955;S
20240216;100646;1409.000000000;1;9618346956;S
20240216;100646;1409.000000000;5;9618346957;S
20240216;100646;1409.000000000;40;9618346958;S
20240216;100646;1409.000000000;1;9618346959;S
20240216;100646;1409.000000000;3;9618346960;S
20240216;100646;1409.000000000;1;9618346961;S
20240216;100646;1409.000000000;2;9618346962;S
20240216;100646;1409.000000000;3;9618346963;S
20240216;100646;1409.000000000;700;9618346964;S
20240216;100646;1408.800000000;3;9618346965;S
20240216;100646;1408.800000000;3;9618346966;S
20240216;100646;1408.800000000;3;9618346967;S
20240216;100646;1408.800000000;3;9618346968;S
20240216;100646;1408.800000000;8;9618346969;S
20240216;100646;1408.800000000;1;9618346970;S
20240216;100646;1408.800000000;1;9618346971;S
20240216;100646;1408.800000000;1;9618346972;S
20240216;100646;1408.800000000;1;9618346973;S
20240216;100646;1408.800000000;1;9618346974;S
20240216;100646;1408.800000000;1;9618346975;S
20240216;100646;1408.800000000;1;9618346976;S
20240216;100646;1408.800000000;5;9618346977;S
20240216;100646;1408.800000000;5;9618346978;S
20240216;100646;1408.800000000;3;9618346979;S
20240216;100646;1408.800000000;2;9618346980;S
20240216;100646;1408.800000000;5;9618346981;S
20240216;100646;1408.800000000;5;9618346982;S
20240216;100646;1408.800000000;1;9618346983;S
20240216;100646;1408.600000000;168;9618346984;S
20240216;100646;1408.600000000;700;9618346985;S
20240216;100646;1408.400000000;1;9618346986;S
20240216;100646;1408.400000000;374;9618346987;S
20240216;100646;1408.400000000;20;9618346988;S
20240216;100646;1408.400000000;1;9618346989;S
20240216;100646;1408.200000000;3;9618346990;S
20240216;100646;1408.200000000;1;9618346991;S
20240216;100646;1408.200000000;5;9618346992;S
20240216;100646;1408.200000000;1400;9618346993;S
20240216;100646;1408.200000000;600;9618346994;S
20240216;100646;1408.000000000;1;9618346995;S
20240216;100646;1408.000000000;25;9618346996;S
20240216;100646;1408.000000000;1;9618346997;S
20240216;100646;1408.000000000;1;9618346998;S
20240216;100646;1408.000000000;1;9618346999;S
20240216;100646;1408.000000000;10;9618347000;S
20240216;100646;1408.000000000;4;9618347001;S
20240216;100646;1408.000000000;2;9618347002;S
20240216;100646;1408.000000000;1;9618347003;S
20240216;100646;1408.000000000;1;9618347004;S
20240216;100646;1408.000000000;2;9618347005;S
20240216;100646;1408.000000000;90;9618347006;S
20240216;100646;1408.000000000;10;9618347007;S
20240216;100646;1408.000000000;10;9618347008;S
20240216;100646;1408.000000000;1;9618347009;S
20240216;100646;1408.000000000;100;9618347010;S
20240216;100646;1407.800000000;1843;9618347011;S
20240216;100646;1409.200000000;7;9618347253;S
20240216;100646;1409.200000000;1;9618347354;S
20240216;100651;1409.200000000;8;9618347969;S
20240216;100652;1409.200000000;20;9618348114;S
20240216;100654;1410.000000000;2;9618348356;B
20240216;100654;1410.000000000;1;9618348411;B
20240216;100700;1409.400000000;20;9618349333;S
20240216;100700;1410.000000000;9;9618349353;B
20240216;100702;1409.400000000;60;9618349526;S
20240216;100702;1409.800000000;25;9618349617;B
20240216;100704;1409.600000000;5;9618349831;B
20240216;100704;1409.400000000;4;9618349855;S
20240216;100705;1409.800000000;1;9618349973;B
20240216;100706;1409.400000000;20;9618350107;S
20240216;100706;1409.400000000;28;9618350108;S
20240216;100706;1409.400000000;1;9618350109;S
20240216;100706;1409.400000000;1;9618350110;S
20240216;100709;1409.400000000;2;9618350437;S
20240216;100711;1409.600000000;10;9618350716;B
20240216;100713;1409.200000000;1;9618350985;S
20240216;100713;1409.200000000;19;9618350986;S
20240216;100714;1409.800000000;2;9618351143;B
20240216;100716;1409.800000000;1;9618351405;B
20240216;100718;1409.800000000;22;9618351611;B
20240216;100718;1409.800000000;55;9618351612;B
20240216;100718;1410.000000000;188;9618351613;B
20240216;100718;1410.000000000;26;9618351614;B
20240216;100718;1410.000000000;400;9618351615;B
20240216;100718;1410.000000000;56;9618351616;B
20240216;100718;1410.000000000;25;9618351617;B
20240216;100718;1410.200000000;56;9618351618;B
20240216;100718;1410.200000000;172;9618351619;B
20240216;100720;1409.600000000;20;9618351895;S
20240216;100720;1410.400000000;1;9618351920;B
20240216;100723;1409.600000000;2;9618352278;S
20240216;100723;1409.600000000;1;9618352397;S
20240216;100725;1409.600000000;3;9618352643;S
20240216;100725;1409.600000000;12;9618352644;S
20240216;100726;1410.000000000;20;9618352736;S
20240216;100727;1410.400000000;14;9618352821;B
20240216;100727;1410.400000000;1;9618352822;B
20240216;100727;1410.400000000;25;9618352823;B
20240216;100727;1410.600000000;26;9618352824;B
20240216;100727;1410.600000000;16;9618352825;B
20240216;100727;1410.800000000;56;9618352826;B
20240216;100727;1410.800000000;25;9618352827;B
20240216;100727;1410.800000000;69;9618352828;B
20240216;100727;1411.000000000;5;9618352829;B
20240216;100727;1411.000000000;56;9618352830;B
20240216;100727;1411.000000000;284;9618352831;B
20240216;100727;1411.200000000;80;9618352832;B
20240216;100727;1411.200000000;343;9618352833;B
20240216;100728;1411.400000000;1;9618352976;B
20240216;100729;1411.200000000;5;9618353336;B
20240216;100730;1410.600000000;20;9618353474;S
20240216;100731;1411.200000000;3;9618353584;B
20240216;100731;1410.600000000;30;9618353629;S
20240216;100733;1410.400000000;26;9618353960;S
20240216;100733;1410.200000000;24;9618353961;S
20240216;100733;1410.200000000;11;9618353962;S
20240216;100736;1410.000000000;1;9618354230;S
20240216;100736;1410.000000000;19;9618354231;S
20240216;100736;1411.000000000;1;9618354270;B
20240216;100740;1410.200000000;20;9618354972;S
20240216;100741;1410.800000000;1;9618355241;B
20240216;100741;1411.000000000;25;9618355242;B
20240216;100741;1411.000000000;24;9618355243;B
20240216;100741;1411.000000000;2;9618355244;B
20240216;100741;1411.200000000;4;9618355245;B
20240216;100743;1411.200000000;26;9618355478;B
20240216;100743;1411.400000000;49;9618355479;B
20240216;100743;1411.400000000;56;9618355480;B
20240216;100743;1411.400000000;141;9618355481;B
20240216;100743;1411.400000000;25;9618355482;B
20240216;100743;1411.600000000;56;9618355483;B
20240216;100743;1411.600000000;24;9618355484;B
20240216;100743;1411.600000000;74;9618355485;B
20240216;100743;1411.800000000;1;9618355486;B
20240216;100743;1411.800000000;20;9618355487;B
20240216;100743;1411.800000000;34;9618355488;B
20240216;100743;1411.800000000;56;9618355489;B
20240216;100743;1411.800000000;70;9618355490;B
20240216;100743;1412.000000000;2;9618355491;B
20240216;100743;1412.000000000;1;9618355492;B
20240216;100743;1412.000000000;100;9618355493;B
20240216;100743;1412.000000000;1;9618355494;B
20240216;100743;1412.000000000;17;9618355495;B
20240216;100743;1412.000000000;32;9618355496;B
20240216;100743;1412.000000000;215;9618355497;B
20240216;100744;1411.800000000;1;9618355719;B
20240216;100745;1410.800000000;20;9618355843;S
20240216;100746;1411.800000000;21;9618355884;B
20240216;100747;1410.800000000;21;9618356040;S
20240216;100748;1411.600000000;1;9618356179;B
20240216;100748;1411.800000000;1;9618356180;B
20240216;100749;1411.000000000;10;9618356325;B
20240216;100750;1411.600000000;10;9618356491;B
20240216;100753;1410.800000000;141;9618356836;S
20240216;100800;1411.800000000;1;9618357647;B
20240216;100801;1411.800000000;2;9618357765;B
20240216;100802;1410.800000000;7;9618357836;S
20240216;100803;1410.800000000;4;9618358004;S
20240216;100809;1410.800000000;10;9618358780;S
20240216;100810;1411.400000000;1;9618359005;B
20240216;100813;1410.800000000;5;9618359345;S
20240216;100813;1410.800000000;1;9618359346;S
20240216;100813;1410.800000000;10;9618359347;S
20240216;100813;1410.400000000;3;9618359348;S
20240216;100813;1410.400000000;23;9618359349;S
20240216;100813;1410.200000000;56;9618359350;S
20240216;100813;1410.200000000;139;9618359351;S
20240216;100817;1411.200000000;1;9618359880;B
20240216;100818;1411.200000000;7;9618359955;B
20240216;100819;1410.800000000;1;9618360087;S
20240216;100821;1411.200000000;1;9618360533;B
20240216;100821;1411.000000000;6;9618360582;S
20240216;100823;1411.200000000;3;9618360720;B
20240216;100824;1411.200000000;2;9618360917;B
20240216;100824;1411.200000000;1;9618360924;B
20240216;100824;1411.200000000;3;9618360927;B
20240216;100825;1411.200000000;28;9618360996;B
20240216;100826;1411.200000000;1;9618361095;B
20240216;100826;1411.200000000;30;9618361160;B
20240216;100829;1411.200000000;10;9618361464;B
20240216;100829;1411.000000000;4;9618361544;S
20240216;100829;1411.000000000;1;9618361545;S
20240216;100829;1411.000000000;1;9618361556;B
20240216;100830;1411.000000000;1;9618361692;B
20240216;100831;1411.000000000;2;9618361862;B
20240216;100833;1410.800000000;2;9618362057;S
20240216;100836;1410.800000000;27;9618362491;S
20240216;100836;1410.600000000;22;9618362492;S
20240216;100836;1410.400000000;200;9618362493;S
20240216;100836;1410.200000000;26;9618362494;S
20240216;100836;1410.200000000;108;9618362495;S
20240216;100836;1410.200000000;25;9618362496;S
20240216;100836;1410.000000000;1;9618362497;S
20240216;100836;1410.000000000;7;9618362498;S
20240216;100836;1410.000000000;1;9618362499;S
20240216;100836;1410.000000000;253;9618362500;S
20240216;100836;1411.000000000;1;9618362584;B
20240216;100839;1411.000000000;1;9618362922;B
20240216;100841;1411.000000000;10;9618363423;B
20240216;100841;1411.000000000;81;9618363424;B
20240216;100841;1411.000000000;56;9618363425;B
20240216;100841;1411.000000000;26;9618363426;B
20240216;100841;1411.000000000;22;9618363427;B
20240216;100841;1411.000000000;213;9618363428;B
20240216;100841;1411.000000000;141;9618363429;B
20240216;100841;1411.200000000;16;9618363430;B
20240216;100841;1411.200000000;25;9618363431;B
20240216;100841;1411.200000000;70;9618363432;B
20240216;100841;1411.400000000;56;9618363433;B
20240216;100841;1411.400000000;80;9618363434;B
20240216;100841;1411.600000000;71;9618363435;B
20240216;100841;1411.800000000;20;9618363436;B
20240216;100841;1411.800000000;1;9618363437;B
20240216;100841;1411.800000000;90;9618363438;B
20240216;100841;1411.800000000;22;9618363439;B
20240216;100841;1411.400000000;2;9618363479;B
20240216;100844;1411.000000000;1;9618363921;B
20240216;100844;1410.800000000;1;9618363922;S
20240216;100846;1411.000000000;40;9618364131;B
20240216;100848;1411.000000000;4;9618364483;B
20240216;100849;1411.000000000;1;9618364575;B
20240216;100849;1411.000000000;2;9618364681;B
20240216;100850;1410.800000000;6;9618364807;S
20240216;100850;1410.600000000;3;9618364808;S
20240216;100850;1410.600000000;22;9618364809;S
20240216;100850;1410.400000000;25;9618364810;S
20240216;100850;1410.400000000;64;9618364811;S
20240216;100854;1411.000000000;2;9618365268;B
20240216;100854;1411.000000000;14;9618365269;B
20240216;100854;1411.200000000;21;9618365270;B
20240216;100854;1411.200000000;68;9618365271;B
20240216;100854;1411.400000000;26;9618365272;B
20240216;100854;1411.400000000;25;9618365273;B
20240216;100854;1411.400000000;178;9618365274;B
20240216;100854;1411.600000000;56;9618365275;B
20240216;100854;1411.600000000;70;9618365276;B
20240216;100854;1411.600000000;213;9618365277;B
20240216;100854;1411.800000000;56;9618365278;B
20240216;100854;1411.800000000;141;9618365279;B
20240216;100854;1411.800000000;130;9618365280;B
20240216;100856;1411.800000000;2;9618365528;B
20240216;100857;1411.000000000;1;9618365723;S
20240216;100858;1411.000000000;3;9618365850;S
20240216;100858;1411.000000000;22;9618365868;S
20240216;100858;1411.000000000;3;9618365869;S
20240216;100858;1410.800000000;95;9618365870;S
20240216;100858;1411.800000000;3;9618365881;B
20240216;100858;1411.800000000;5;9618365882;B
20240216;100859;1411.800000000;2;9618366070;B
20240216;100901;1411.800000000;49;9618366248;B
20240216;100901;1411.800000000;20;9618366249;B
20240216;100903;1411.600000000;36;9618366649;B
20240216;100904;1411.000000000;26;9618366740;S
20240216;100904;1410.800000000;21;9618366741;S
20240216;100904;1410.600000000;73;9618366742;S
20240216;100905;1411.600000000;10;9618366804;B
20240216;100908;1410.800000000;20;9618367154;S
20240216;100908;1410.600000000;19;9618367155;S
20240216;100908;1410.600000000;21;9618367156;S
20240216;100908;1410.400000000;60;9618367157;S
20240216;100912;1411.200000000;2;9618367612;B
20240216;100916;1410.200000000;6;9618368007;S
20240216;100916;1410.200000000;37;9618368008;S
20240216;100916;1410.200000000;77;9618368009;S
20240216;100920;1410.800000000;4;9618368408;B
20240216;100920;1410.800000000;1;9618368459;B
20240216;100921;1410.200000000;65;9618368596;S
20240216;100921;1410.000000000;55;9618368597;S
20240216;100922;1410.800000000;208;9618368788;B
20240216;100922;1410.800000000;19;9618368789;B
20240216;100923;1411.000000000;1;9618368878;B
20240216;100931;1411.000000000;1;9618369819;B
20240216;100940;1410.800000000;56;9618370716;B
20240216;100940;1410.800000000;74;9618370717;B
20240216;100940;1411.000000000;24;9618370718;B
20240216;100940;1411.000000000;21;9618370719;B
20240216;100940;1411.000000000;56;9618370720;B
20240216;100940;1411.000000000;200;9618370721;B
20240216;100940;1411.000000000;3;9618370722;B
20240216;100940;1411.000000000;1;9618370723;B
20240216;100940;1411.200000000;56;9618370724;B
20240216;100940;1411.200000000;25;9618370725;B
20240216;100940;1411.200000000;70;9618370726;B
20240216;100940;1411.400000000;141;9618370727;B
20240216;100940;1411.400000000;32;9618370728;B
20240216;100940;1411.600000000;50;9618370729;B
20240216;100940;1411.600000000;191;9618370730;B
20240216;100945;1411.400000000;11;9618371284;B
20240216;100948;1411.400000000;1;9618371678;B
20240216;100950;1411.400000000;10;9618371844;B
20240216;100950;1411.000000000;1;9618371847;S
20240216;100950;1410.800000000;5;9618371848;S
20240216;100950;1410.600000000;2;9618371849;S
20240216;100950;1410.600000000;21;9618371850;S
20240216;100950;1410.400000000;27;9618371851;S
20240216;100950;1410.400000000;25;9618371852;S
20240216;100950;1410.200000000;284;9618371853;S
20240216;100950;1410.200000000;115;9618371854;S
20240216;100951;1411.400000000;34;9618371915;B
20240216;100951;1411.400000000;26;9618371916;B
20240216;100951;1411.400000000;20;9618371917;B
20240216;100953;1411.000000000;1;9618373552;B
20240216;100955;1411.000000000;1;9618373952;B
20240216;100955;1411.000000000;1;9618374061;B
20240216;100957;1411.000000000;70;9618374403;B
20240216;100958;1410.400000000;1;9618374519;S
20240216;100959;1410.600000000;70;9618374555;B
20240216;100959;1410.800000000;2;9618374556;B
20240216;100959;1411.000000000;20;9618374557;B
20240216;100959;1411.000000000;112;9618374558;B
20240216;100959;1411.200000000;95;9618374559;B
20240216;100959;1411.200000000;213;9618374560;B
20240216;100959;1411.200000000;25;9618374561;B
20240216;100959;1411.400000000;56;9618374562;B
20240216;100959;1411.400000000;141;9618374563;B
20240216;100959;1411.400000000;10;9618374564;B
20240216;100959;1411.600000000;56;9618374565;B
20240216;100959;1411.600000000;200;9618374566;B
20240216;101002;1411.000000000;1;9618375007;B
20240216;101003;1410.800000000;10;9618375133;S
20240216;101004;1411.000000000;7;9618375259;B
20240216;101004;1411.000000000;1;9618375260;B
20240216;101004;1411.200000000;1;9618375261;B
20240216;101004;1411.400000000;4;9618375262;B
20240216;101004;1411.000000000;49;9618375287;S
20240216;101005;1411.000000000;3;9618375311;S
20240216;101012;1411.000000000;1;9618376089;S
20240216;101019;1411.800000000;5;9618377235;B
20240216;101020;1411.800000000;1;9618377371;B
20240216;101022;1411.800000000;2;9618377584;B
20240216;101023;1411.400000000;3;9618377736;S
20240216;101023;1411.400000000;1;9618377759;S
20240216;101024;1411.800000000;1;9618377899;B
20240216;101025;1411.600000000;1;9618378059;S
20240216;101025;1411.600000000;1;9618378060;S
20240216;101026;1411.800000000;8;9618378208;B
20240216;101027;1411.800000000;5;9618378275;B
20240216;101031;1411.600000000;1;9618378607;S
20240216;101031;1411.800000000;20;9618378634;B
20240216;101031;1411.800000000;2;9618378699;B
20240216;101032;1411.800000000;5;9618378813;B
20240216;101033;1411.800000000;10;9618378838;B
20240216;101035;1411.800000000;19;9618379294;B
20240216;101036;1411.600000000;1;9618379425;S
20240216;101036;1411.800000000;2;9618379433;B
20240216;101036;1411.800000000;18;9618379434;B
20240216;101036;1411.800000000;10;9618379467;B
20240216;101036;1412.000000000;7;9618379468;B
20240216;101038;1411.800000000;10;9618379709;S
20240216;101038;1412.000000000;10;9618379711;B
20240216;101039;1412.000000000;1;9618379812;B
20240216;101039;1412.000000000;15;9618379846;B
20240216;101039;1412.000000000;5;9618379889;B
20240216;101040;1412.000000000;1;9618380045;B
20240216;101041;1412.000000000;1;9618380078;B
20240216;101041;1412.000000000;20;9618380091;B
20240216;101042;1411.800000000;6;9618380267;S
20240216;101042;1412.000000000;30;9618380273;B
20240216;101043;1411.800000000;72;9618380392;S
20240216;101044;1412.000000000;1;9618380464;B
20240216;101044;1412.000000000;20;9618380476;B
20240216;101045;1412.000000000;40;9618380599;B
20240216;101045;1412.000000000;1;9618380627;B
20240216;101046;1412.000000000;2;9618380681;B
20240216;101047;1412.000000000;20;9618380770;B
20240216;101047;1412.000000000;2;9618380777;B
20240216;101049;1412.000000000;14;9618380894;B
20240216;101049;1412.000000000;59;9618380957;B
20240216;101049;1412.000000000;1;9618380969;B
20240216;101049;1412.000000000;8;9618380976;B
20240216;101050;1412.000000000;20;9618381048;B
20240216;101052;1412.000000000;2;9618381231;B
20240216;101052;1412.000000000;21;9618381263;B
20240216;101052;1412.000000000;1;9618381264;B
20240216;101053;1412.000000000;20;9618381287;B
20240216;101055;1412.000000000;6;9618381447;B
20240216;101055;1412.000000000;20;9618381543;B
20240216;101056;1412.000000000;1;9618381571;B
20240216;101057;1412.000000000;20;9618381741;B
20240216;101058;1412.000000000;100;9618381783;B
20240216;101059;1412.000000000;4;9618381941;B
20240216;101059;1412.000000000;27;9618381977;B
20240216;101059;1412.000000000;1;9618381978;B
20240216;101059;1412.000000000;1;9618381979;B
20240216;101100;1412.000000000;1;9618382058;B
20240216;101100;1412.000000000;8;9618382083;B
20240216;101100;1412.000000000;5;9618382084;B
20240216;101100;1412.000000000;7;9618382085;B
20240216;101102;1412.000000000;20;9618382331;B
20240216;101104;1412.000000000;1;9618382423;B
20240216;101106;1412.000000000;2;9618382704;B
20240216;101109;1411.800000000;125;9618383106;S
20240216;101109;1411.800000000;15;9618383107;S
20240216;101109;1411.800000000;7;9618383108;S
20240216;101109;1411.800000000;6;9618383109;S
20240216;101109;1411.800000000;13;9618383110;S
20240216;101109;1411.800000000;34;9618383111;S
20240216;101110;1412.000000000;6;9618383159;B
20240216;101113;1412.000000000;1;9618383574;B
20240216;101113;1412.000000000;2;9618383726;B
20240216;101114;1411.800000000;7;9618383764;S
20240216;101115;1411.800000000;1;9618383909;S
20240216;101118;1412.000000000;41;9618384349;B
20240216;101118;1412.000000000;2;9618384372;B
20240216;101119;1411.800000000;208;9618384441;S
20240216;101119;1411.800000000;2;9618384442;S
20240216;101119;1411.800000000;2;9618384443;S
20240216;101119;1411.800000000;16;9618384444;S
20240216;101119;1411.800000000;89;9618384445;S
20240216;101119;1411.800000000;3;9618384446;S
20240216;101119;1411.800000000;1;9618384447;S
20240216;101119;1411.800000000;29;9618384448;S
20240216;101121;1412.000000000;4;9618384753;B
20240216;101122;1412.000000000;1;9618384804;B
20240216;101122;1412.000000000;2;9618384805;B
20240216;101124;1412.000000000;3;9618385014;B
20240216;101124;1412.000000000;2;9618385015;B
20240216;101125;1412.000000000;14;9618385215;B
20240216;101126;1412.000000000;2;9618385372;B
20240216;101127;1412.000000000;3;9618385562;B
20240216;101127;1412.000000000;5;9618385608;B
20240216;101127;1412.000000000;5;9618385609;B
20240216;101128;1412.000000000;7;9618385672;B
20240216;101128;1412.000000000;90;9618385776;B
20240216;101129;1412.000000000;1;9618385801;B
20240216;101129;1412.000000000;4;9618385802;B
20240216;101129;1411.800000000;92;9618385814;S
20240216;101129;1411.800000000;58;9618385815;S
20240216;101131;1412.000000000;3;9618386262;B
20240216;101132;1411.800000000;155;9618386407;S
20240216;101132;1411.800000000;1;9618386408;S
20240216;101132;1411.800000000;10;9618386409;S
20240216;101132;1411.800000000;1;9618386410;S
20240216;101132;1411.800000000;3;9618386411;S
20240216;101132;1411.800000000;2;9618386412;S
20240216;101132;1411.800000000;118;9618386413;S
20240216;101132;1411.800000000;13;9618386414;S
20240216;101132;1411.800000000;15;9618386415;S
20240216;101132;1411.800000000;1;9618386416;S
20240216;101132;1411.600000000;46;9618386417;S
20240216;101132;1412.000000000;1;9618386470;B
20240216;101134;1411.800000000;1;9618386646;B
20240216;101134;1411.800000000;29;9618386695;B
20240216;101134;1411.800000000;4;9618386696;B
20240216;101135;1412.000000000;20;9618386768;B
20240216;101135;1412.000000000;3;9618386809;B
20240216;101139;1411.800000000;1;9618387275;B
20240216;101140;1411.800000000;7;9618387407;B
20240216;101141;1411.600000000;2;9618387501;S
20240216;101141;1411.800000000;10;9618387538;B
20240216;101141;1411.800000000;3;9618387539;B
20240216;101141;1411.800000000;4;9618387540;B
20240216;101141;1411.800000000;1;9618387621;B
20240216;101143;1411.800000000;5;9618387781;B
20240216;101149;1411.600000000;1;9618388535;S
20240216;101152;1411.800000000;5;9618388824;B
20240216;101152;1411.800000000;20;9618388923;B
20240216;101152;1412.000000000;10;9618388924;B
20240216;101153;1411.600000000;10;9618389016;S
20240216;101159;1412.000000000;5;9618389798;B
20240216;101200;1411.800000000;1;9618390054;S
20240216;101201;1412.000000000;20;9618390248;B
20240216;101202;1412.000000000;4;9618390267;B
20240216;101202;1412.000000000;5;9618390320;B
20240216;101205;1412.000000000;20;9618390832;B
20240216;101206;1411.800000000;1;9618390858;S
20240216;101206;1412.000000000;1;9618390915;B
20240216;101206;1412.000000000;1;9618390944;B
20240216;101207;1411.800000000;2;9618390983;S
20240216;101208;1412.000000000;7;9618391130;B
20240216;101208;1412.000000000;7;9618391131;B
20240216;101208;1412.000000000;16;9618391132;B
20240216;101208;1412.000000000;1;9618391159;B
20240216;101208;1412.000000000;20;9618391205;B
20240216;101209;1412.000000000;5;9618391264;B
20240216;101210;1412.000000000;1;9618391503;B
20240216;101211;1412.000000000;20;9618391589;B
20240216;101211;1411.800000000;1;9618391630;S
20240216;101211;1411.800000000;3;9618391650;S
20240216;101212;1412.000000000;21;9618391723;B
20240216;101212;1412.200000000;2;9618391795;B
20240216;101213;1412.200000000;9;9618391839;B
20240216;101213;1412.200000000;1;9618391840;B
20240216;101213;1412.200000000;4;9618391841;B
20240216;101213;1412.200000000;4;9618391845;B
20240216;101213;1412.200000000;3;9618391939;B
20240216;101213;1412.200000000;17;9618391940;B
20240216;101214;1412.200000000;3;9618391977;B
20240216;101216;1412.200000000;8;9618392256;B
20240216;101216;1412.200000000;12;9618392257;B
20240216;101216;1412.000000000;34;9618392318;S
20240216;101216;1412.000000000;20;9618392319;S
20240216;101216;1412.000000000;26;9618392320;S
20240216;101217;1412.200000000;1;9618392383;B
20240216;101219;1412.000000000;4;9618392654;S
20240216;101221;1412.200000000;3;9618392978;B
20240216;101223;1412.000000000;1;9618393283;S
20240216;101224;1412.200000000;2;9618393359;B
20240216;101224;1412.200000000;2;9618393367;B
20240216;101228;1412.000000000;39;9618393792;S
20240216;101228;1412.000000000;1;9618393793;S
20240216;101228;1412.000000000;170;9618393794;S
20240216;101228;1412.000000000;1;9618393806;S
20240216;101229;1412.200000000;2;9618393987;B
20240216;101230;1412.400000000;3;9618394083;B
20240216;101230;1412.400000000;1;9618394084;B
20240216;101230;1412.400000000;3;9618394085;B
20240216;101230;1412.400000000;13;9618394086;B
20240216;101231;1412.400000000;1;9618394156;B
20240216;101231;1412.400000000;500;9618394221;B
20240216;101231;1412.200000000;1;9618394249;S
20240216;101232;1412.400000000;1;9618394342;B
20240216;101233;1412.200000000;2;9618394434;B
20240216;101233;1412.200000000;3;9618394439;B
20240216;101233;1412.400000000;26;9618394503;B
20240216;101233;1412.400000000;9;9618394504;B
20240216;101234;1412.400000000;1;9618394530;B
20240216;101236;1412.400000000;5;9618394822;B
20240216;101236;1412.400000000;10;9618394838;B
20240216;101237;1412.400000000;1;9618394900;B
20240216;101238;1412.400000000;1;9618395078;B
20240216;101238;1412.400000000;8;9618395098;B
20240216;101244;1412.000000000;3;9618395750;S
20240216;101245;1412.200000000;27;9618395846;B
20240216;101245;1412.400000000;29;9618395847;B
20240216;101245;1412.400000000;294;9618395848;B
20240216;101246;1412.400000000;5;9618395992;B
20240216;101247;1412.400000000;20;9618396071;B
20240216;101247;1412.400000000;1;9618396080;B
20240216;101247;1412.200000000;213;9618396163;S
20240216;101247;1412.200000000;13;9618396164;S
20240216;101248;1412.200000000;6;9618396242;B
20240216;101248;1412.400000000;1;9618396263;B
20240216;101249;1412.400000000;10;9618396345;B
20240216;101249;1412.200000000;3;9618396360;S
20240216;101251;1412.400000000;4;9618396638;B
20240216;101253;1412.400000000;91;9618396763;B
20240216;101253;1412.200000000;210;9618396764;S
20240216;101255;1412.200000000;1;9618397139;S
20240216;101256;1412.400000000;1;9618397187;B
20240216;101256;1412.200000000;175;9618397188;S
20240216;101256;1412.200000000;1;9618397265;B
20240216;101258;1412.000000000;1;9618397425;S
20240216;101259;1412.200000000;1;9618397499;B
20240216;101259;1412.400000000;4;9618397500;B
20240216;101259;1412.400000000;2;9618397512;B
20240216;101300;1412.400000000;40;9618397652;B
20240216;101301;1412.200000000;67;9618397799;B
20240216;101306;1412.200000000;1;9618398307;B
20240216;101306;1412.200000000;1;9618398331;B
20240216;101307;1412.200000000;1;9618398502;B
20240216;101309;1412.200000000;1;9618398721;B
20240216;101310;1412.200000000;5;9618398797;B
20240216;101311;1412.200000000;11;9618398963;B
20240216;101311;1412.400000000;10;9618398964;B
20240216;101315;1412.400000000;2;9618399345;B
20240216;101316;1412.400000000;1;9618399411;B
20240216;101317;1412.400000000;1;9618399541;B
20240216;101319;1412.400000000;1;9618399884;B
20240216;101320;1412.400000000;1;9618399996;B
20240216;101321;1412.400000000;3;9618400135;B
20240216;101324;1412.400000000;1;9618400478;B
20240216;101325;1412.600000000;2;9618400596;B
20240216;101325;1412.600000000;1;9618400597;B
20240216;101326;1412.000000000;7;9618400695;S
20240216;101326;1412.000000000;16;9618400696;S
20240216;101326;1412.000000000;15;9618400697;S
20240216;101326;1412.000000000;3;9618400698;S
20240216;101326;1412.000000000;28;9618400699;S
20240216;101326;1412.000000000;31;9618400700;S
20240216;101327;1412.000000000;1;9618400762;S
20240216;101327;1412.000000000;99;9618400763;S
20240216;101329;1412.200000000;50;9618400924;B
20240216;101330;1412.200000000;1;9618401043;B
20240216;101330;1412.200000000;5;9618401059;B
20240216;101330;1412.200000000;70;9618401061;B
20240216;101330;1412.200000000;3;9618401081;B
20240216;101332;1412.200000000;1;9618401285;B
20240216;101333;1412.200000000;60;9618401324;B
20240216;101336;1412.200000000;4;9618401639;B
20240216;101337;1412.200000000;10;9618401758;B
20240216;101338;1412.200000000;2;9618402002;B
20240216;101339;1412.200000000;2;9618402107;B
20240216;101340;1412.200000000;1;9618402360;B
20240216;101343;1412.200000000;1;9618402875;B
20240216;101344;1412.000000000;1;9618403008;S
20240216;101349;1412.000000000;5;9618403902;S
20240216;101349;1412.000000000;1;9618403903;S
20240216;101349;1412.000000000;1;9618403904;S
20240216;101349;1412.000000000;7;9618403905;S
20240216;101349;1412.000000000;3;9618403930;S
20240216;101349;1412.000000000;5;9618403931;S
20240216;101349;1411.800000000;356;9618403932;S
20240216;101349;1411.800000000;26;9618403933;S
20240216;101349;1411.800000000;2;9618403934;S
20240216;101349;1411.600000000;10;9618403935;S
20240216;101349;1411.600000000;2;9618403936;S
20240216;101349;1411.600000000;35;9618403937;S
20240216;101350;1412.200000000;1;9618404016;B
20240216;101352;1412.200000000;1;9618404184;B
20240216;101352;1412.000000000;1;9618404185;S
20240216;101352;1412.000000000;15;9618404199;B
20240216;101357;1412.000000000;19;9618404895;B
20240216;101401;1412.200000000;10;9618405353;B
20240216;101401;1412.200000000;1;9618405445;B
20240216;101402;1412.400000000;4;9618405496;B
20240216;101405;1412.400000000;1;9618405866;B
20240216;101405;1412.400000000;9;9618405867;B
20240216;101405;1412.200000000;1;9618405868;S
20240216;101407;1412.000000000;28;9618406114;S
20240216;101408;1412.200000000;5;9618406149;B
20240216;101408;1412.200000000;3;9618406169;B
20240216;101408;1412.200000000;1;9618406207;B
20240216;101410;1412.000000000;20;9618406389;S
20240216;101413;1412.200000000;1;9618406630;B
20240216;101413;1412.200000000;1;9618406708;B
20240216;101415;1412.200000000;5;9618406969;B
20240216;101415;1412.200000000;1;9618406971;B
20240216;101415;1412.000000000;23;9618406983;S
20240216;101415;1412.000000000;2;9618406984;S
20240216;101415;1412.000000000;1;9618406985;S
20240216;101415;1412.000000000;10;9618406986;S
20240216;101424;1412.000000000;1;9618408058;B
20240216;101425;1412.000000000;6;9618408194;B
20240216;101428;1412.000000000;70;9618408690;B
20240216;101429;1412.000000000;1;9618408824;B
20240216;101430;1412.000000000;1;9618408979;B
20240216;101430;1412.000000000;1;9618408989;B
20240216;101430;1412.000000000;1;9618409044;B
20240216;101432;1412.000000000;10;9618409238;B
20240216;101432;1411.800000000;6;9618409239;S
20240216;101432;1411.600000000;14;9618409240;S
20240216;101432;1411.400000000;1;9618409241;S
20240216;101432;1411.400000000;56;9618409242;S
20240216;101432;1411.400000000;26;9618409243;S
20240216;101432;1411.200000000;12;9618409244;S
20240216;101432;1411.200000000;56;9618409245;S
20240216;101432;1411.000000000;10;9618409246;S
20240216;101432;1411.000000000;1;9618409247;S
20240216;101432;1411.000000000;2;9618409248;S
20240216;101432;1411.000000000;2;9618409249;S
20240216;101432;1411.000000000;2;9618409250;S
20240216;101432;1411.000000000;1;9618409251;S
20240216;101432;1411.000000000;11;9618409252;S
20240216;101432;1411.800000000;2;9618409261;B
20240216;101432;1411.800000000;1;9618409265;B
20240216;101432;1411.800000000;3;9618409295;B
20240216;101438;1411.800000000;6;9618409923;B
20240216;101438;1411.800000000;25;9618409945;B
20240216;101441;1411.800000000;1;9618410538;B
20240216;101443;1411.800000000;1;9618410673;B
20240216;101444;1411.800000000;10;9618410865;B
20240216;101444;1411.800000000;1;9618410959;B
20240216;101446;1411.800000000;2;9618411153;B
20240216;101447;1411.800000000;30;9618411276;B
20240216;101449;1411.800000000;17;9618411695;B
20240216;101449;1411.800000000;3;9618411696;B
20240216;101450;1411.800000000;15;9618411757;B
20240216;101452;1411.400000000;21;9618412059;S
20240216;101452;1411.400000000;1;9618412060;S
20240216;101452;1411.400000000;25;9618412061;S
20240216;101452;1411.200000000;5;9618412062;S
20240216;101452;1411.200000000;1;9618412063;S
20240216;101454;1411.800000000;8;9618412247;B
20240216;101454;1411.800000000;2;9618412248;B
20240216;101455;1411.800000000;7;9618412377;B
20240216;101455;1411.800000000;16;9618412463;B
20240216;101455;1411.800000000;52;9618412464;B
20240216;101455;1411.800000000;7;9618412465;B
20240216;101455;1411.800000000;50;9618412466;B
20240216;101455;1412.000000000;193;9618412467;B
20240216;101455;1412.000000000;103;9618412468;B
20240216;101455;1412.000000000;100;9618412469;B
20240216;101455;1412.000000000;21;9618412470;B
20240216;101455;1412.000000000;7;9618412471;B
20240216;101455;1412.000000000;200;9618412472;B
20240216;101455;1412.000000000;50;9618412473;B
20240216;101455;1412.200000000;143;9618412474;B
20240216;101455;1412.200000000;26;9618412475;B
20240216;101455;1412.400000000;32;9618412476;B
20240216;101456;1412.600000000;1;9618412595;B
20240216;101456;1412.600000000;1;9618412635;B
20240216;101503;1412.600000000;1;9618413656;B
20240216;101504;1412.600000000;2;9618413836;B
20240216;101506;1411.800000000;6;9618414211;S
20240216;101506;1412.400000000;1;9618414240;B
20240216;101506;1412.600000000;21;9618414241;B
20240216;101506;1412.600000000;25;9618414242;B
20240216;101506;1412.600000000;33;9618414243;B
20240216;101515;1412.600000000;10;9618416378;B
20240216;101518;1411.800000000;20;9618416775;S
20240216;101518;1412.600000000;2;9618416884;B
20240216;101521;1411.800000000;1;9618417261;S
20240216;101521;1411.800000000;1;9618417262;S
20240216;101521;1411.800000000;1;9618417263;S
20240216;101522;1411.800000000;20;9618417544;S
20240216;101527;1412.400000000;1;9618418213;B
20240216;101527;1412.200000000;1;9618418242;B
20240216;101527;1412.200000000;1;9618418254;B
20240216;101527;1412.200000000;45;9618418344;B
20240216;101530;1412.200000000;2;9618418881;B
20240216;101535;1412.400000000;24;9618419761;B
20240216;101535;1412.400000000;16;9618419762;B
20240216;101536;1412.400000000;1;9618420021;B
20240216;101542;1412.400000000;4;9618421125;B
20240216;101544;1412.400000000;10;9618421328;B
20240216;101546;1412.000000000;1;9618421688;S
20240216;101546;1412.000000000;25;9618421689;S
20240216;101546;1411.800000000;26;9618421690;S
20240216;101546;1411.800000000;22;9618421691;S
20240216;101546;1411.600000000;13;9618421692;S
20240216;101546;1411.400000000;88;9618421693;S
20240216;101549;1411.600000000;1;9618422309;S
20240216;101550;1412.000000000;2;9618422403;B
20240216;101552;1411.600000000;1;9618422648;S
20240216;101556;1412.000000000;2;9618423533;B
20240216;101604;1411.800000000;1;9618425212;B
20240216;101604;1411.800000000;2;9618425315;B
20240216;101607;1411.800000000;10;9618425641;B
20240216;101607;1411.800000000;5;9618425646;B
20240216;101607;1411.800000000;50;9618425670;B
20240216;101608;1411.800000000;1;9618425951;B
20240216;101609;1411.800000000;7;9618426079;B
20240216;101612;1411.800000000;1;9618426602;B
20240216;101614;1411.800000000;1;9618426878;B
20240216;101615;1411.600000000;24;9618427001;S
20240216;101615;1411.600000000;1;9618427002;S
20240216;101615;1411.600000000;11;9618427003;S
20240216;101615;1411.600000000;1;9618427004;S
20240216;101615;1411.600000000;1;9618427005;S
20240216;101615;1411.400000000;1;9618427006;S
20240216;101615;1411.400000000;56;9618427007;S
20240216;101615;1411.400000000;35;9618427008;S
20240216;101617;1411.800000000;1;9618427529;B
20240216;101618;1411.800000000;1;9618427660;B
20240216;101618;1411.800000000;37;9618427759;B
20240216;101619;1411.800000000;1;9618427814;B
20240216;101619;1411.800000000;35;9618427887;B
20240216;101619;1411.800000000;8;9618427893;B
20240216;101619;1411.400000000;3;9618427977;S
20240216;101620;1411.400000000;30;9618428110;S
20240216;101620;1411.800000000;15;9618428114;B
20240216;101621;1411.800000000;1;9618428225;B
20240216;101625;1411.600000000;19;9618428954;B
20240216;101626;1411.600000000;3;9618429113;B
20240216;101627;1411.600000000;6;9618429181;B
20240216;101628;1411.600000000;5;9618429345;B
20240216;101630;1411.600000000;29;9618429709;B
20240216;101630;1411.600000000;5;9618429710;B
20240216;101631;1411.600000000;1;9618429847;B
20240216;101632;1411.600000000;1;9618429985;B
20240216;101637;1411.600000000;18;9618430651;B
20240216;101637;1411.800000000;2;9618430652;B
20240216;101637;1411.800000000;1;9618430676;B
20240216;101638;1411.800000000;5;9618430870;B
20240216;101639;1411.400000000;1;9618430916;S
20240216;101639;1411.800000000;50;9618431015;B
20240216;101640;1411.800000000;3;9618431074;B
20240216;101640;1411.800000000;1;9618431132;B
20240216;101641;1411.800000000;14;9618431251;B
20240216;101644;1411.800000000;20;9618431957;B
20240216;101645;1411.800000000;1;9618432036;B
20240216;101646;1411.800000000;1;9618432153;B
20240216;101647;1411.800000000;1;9618432287;B
20240216;101648;1411.800000000;6;9618432440;B
20240216;101648;1411.800000000;24;9618432460;B
20240216;101650;1411.800000000;1;9618432843;B
20240216;101651;1411.800000000;3;9618432978;B
20240216;101653;1411.800000000;6;9618433432;B
20240216;101653;1411.600000000;2;9618433473;S
20240216;101654;1411.800000000;3;9618433593;B
20240216;101654;1411.800000000;21;9618433638;B
20240216;101655;1411.800000000;3;9618433682;B
20240216;101656;1411.800000000;3;9618433862;B
20240216;101656;1411.800000000;3;9618433938;B
20240216;101658;1411.600000000;2;9618434229;S
20240216;101659;1411.800000000;10;9618434443;B
20240216;101700;1411.800000000;1;9618434556;B
20240216;101701;1411.800000000;120;9618434762;B
20240216;101701;1411.800000000;1;9618434817;B
20240216;101702;1411.800000000;15;9618434995;B
20240216;101704;1411.800000000;50;9618435190;B
20240216;101704;1411.800000000;2;9618435246;B
20240216;101705;1411.600000000;3;9618435362;S
20240216;101705;1411.600000000;3;9618435426;S
20240216;101708;1411.600000000;1;9618435819;S
20240216;101709;1411.800000000;666;9618435884;B
20240216;101709;1411.600000000;5;9618435921;S
20240216;101709;1411.800000000;10;9618435981;B
20240216;101710;1411.800000000;5;9618435995;B
20240216;101710;1411.800000000;3;9618436031;B
20240216;101713;1411.800000000;3;9618436518;B
20240216;101714;1411.800000000;28;9618436638;B
20240216;101715;1411.800000000;31;9618436709;B
20240216;101715;1411.800000000;4;9618436713;B
20240216;101715;1411.800000000;1;9618436806;B
20240216;101715;1411.800000000;10;9618436862;B
20240216;101716;1411.800000000;2;9618436872;B
20240216;101717;1411.800000000;1;9618437165;B
20240216;101718;1411.800000000;5;9618437220;B
20240216;101718;1411.800000000;2;9618437359;B
20240216;101719;1411.800000000;9;9618437479;B
20240216;101719;1411.800000000;1;9618437539;B
20240216;101720;1411.600000000;1;9618437584;S
20240216;101720;1411.800000000;3;9618437596;B
20240216;101721;1411.600000000;3;9618437727;S
20240216;101721;1411.600000000;10;9618437728;S
20240216;101721;1411.600000000;1;9618437729;S
20240216;101721;1411.400000000;4;9618437730;S
20240216;101721;1411.800000000;25;9618437774;B
20240216;101725;1411.600000000;1;9618438498;B
20240216;101725;1411.800000000;29;9618438499;B
20240216;101725;1411.800000000;2;9618438505;B
20240216;101726;1411.800000000;1;9618438686;B
20240216;101726;1411.400000000;1;9618438758;S
20240216;101727;1411.800000000;20;9618438890;B
20240216;101730;1411.800000000;3;9618439624;B
20240216;101730;1411.800000000;100;9618439665;B
20240216;101730;1411.800000000;60;9618439666;B
20240216;101732;1411.400000000;20;9618440037;S
20240216;101736;1411.600000000;1;9618440624;B
20240216;101736;1411.800000000;2;9618440625;B
20240216;101736;1411.600000000;1;9618440680;B
20240216;101736;1411.800000000;15;9618440681;B
20240216;101737;1411.800000000;10;9618440895;B
20240216;101738;1411.800000000;1;9618441096;B
20240216;101739;1411.800000000;7;9618441241;B
20240216;101740;1411.800000000;1;9618441456;B
20240216;101742;1411.800000000;1;9618441857;B
20240216;101742;1411.400000000;6;9618441937;S
20240216;101742;1411.400000000;3;9618441938;S
20240216;101742;1411.400000000;2;9618441939;S
20240216;101742;1411.400000000;1;9618441940;S
20240216;101742;1411.400000000;38;9618441941;S
20240216;101744;1411.400000000;1;9618442151;B
20240216;101745;1411.400000000;1;9618442320;B
20240216;101746;1411.400000000;1;9618442472;B
20240216;101746;1411.600000000;3;9618442473;B
20240216;101746;1411.800000000;3;9618442479;B
20240216;101750;1411.200000000;1;9618443293;S
20240216;101750;1411.200000000;1;9618443294;S
20240216;101750;1411.200000000;8;9618443295;S
20240216;101750;1411.800000000;3;9618443319;B
