<DATE>;<TIME>;<LAST>;<VOL>;<ID>;<OPER>
20240325;095945;1356;2;9938124284;S
20240325;095945;1356;4;9938124285;S
20240325;095945;1356;3;9938124286;S
20240325;095945;1356;1;9938124287;S
20240325;095945;1356;5;9938124288;S
20240325;095945;1356;15;9938124289;S
20240325;095945;1356;2;9938124290;S
20240325;095945;1356;3;9938124291;S
20240325;095945;1356;5;9938124292;S
20240325;095945;1356;1;9938124293;S
20240325;095945;1356;4;9938124294;S
20240325;095945;1356;2;9938124295;S
20240325;095945;1356;9;9938124296;S
20240325;095945;1356;8;9938124297;S
20240325;095945;1356;1;9938124298;S
20240325;095945;1356;1;9938124299;S
20240325;095945;1356;2;9938124300;S
20240325;095945;1356;4;9938124301;S
20240325;095945;1356;3;9938124302;S
20240325;095945;1356;3;9938124303;S
20240325;095945;1356;1;9938124304;S
20240325;095945;1356;9;9938124305;S
20240325;095945;1356;2;9938124306;S
20240325;095945;1356;1;9938124307;S
20240325;095945;1356;2;9938124308;S
20240325;095945;1356;1;9938124309;S
20240325;095945;1356;35;9938124310;S
20240325;095945;1356;25;9938124311;S
20240325;095945;1356;17;9938124312;S
20240325;095945;1356;4;9938124313;S
20240325;095945;1356;19;9938124314;S
20240325;095945;1356;1;9938124315;S
20240325;095945;1356;3;9938124316;S
20240325;095945;1356;2;9938124317;S
20240325;095945;1356;130;9938124318;S
20240325;095945;1356;6;9938124319;S
20240325;095945;1356;1;9938124320;S
20240325;095945;1356;6;9938124321;S
20240325;095945;1356;3;9938124322;S
20240325;095945;1356;10;9938124323;S
20240325;095945;1356;1;9938124324;S
20240325;095945;1356;2;9938124325;S
20240325;095945;1356;1;9938124326;B
20240325;095945;1356;1;9938124327;S
20240325;095945;1356;200;9938124328;S
20240325;095945;1356;9;9938124329;S
20240325;095945;1356;1;9938124330;B
20240325;095945;1356;1;9938124331;B
20240325;095945;1356;5;9938124332;S
20240325;095945;1356;3;9938124333;S
20240325;095945;1356;7;9938124334;S
20240325;095945;1356;2;9938124335;B
20240325;095945;1356;1281;9938124336;B
20240325;095945;1356;3;9938124337;B
20240325;095945;1356;20;9938124338;B
20240325;095945;1356;20;9938124339;B
20240325;095945;1356;20;9938124340;B
20240325;095945;1356;20;9938124341;B
20240325;095945;1356;20;9938124342;B
20240325;095945;1356;20;9938124343;B
20240325;095945;1356;2;9938124344;B
20240325;095945;1356;2;9938124345;B
20240325;095945;1356;38;9938124346;B
20240325;095945;1356;6;9938124347;B
20240325;095945;1356;50;9938124348;B
20240325;095945;1356;2;9938124349;B
20240325;095945;1356;1;9938124350;B
20240325;095945;1356;20;9938124351;B
20240325;095945;1356;20;9938124352;B
20240325;095945;1356;1;9938124353;B
20240325;095945;1356;1;9938124354;B
20240325;095945;1356;1;9938124355;B
20240325;095945;1356;10;9938124356;B
20240325;095945;1356;1;9938124357;B
20240325;095945;1356;5;9938124358;B
20240325;095945;1356;9;9938124359;B
20240325;095945;1356;1;9938124360;B
20240325;095945;1356;7;9938124361;B
20240325;095945;1356;17;9938124362;B
20240325;095945;1356;2;9938124363;B
20240325;095945;1356;1;9938124364;B
20240325;095945;1356;9;9938124365;B
20240325;095945;1356;1;9938124366;S
20240325;095945;1356;4;9938124367;S
20240325;095945;1356;5;9938124368;S
20240325;095945;1356;20;9938124369;B
20240325;095945;1356;20;9938124370;B
20240325;095945;1356;26;9938124371;B
20240325;095945;1356;6;9938124372;B
20240325;095945;1356;68;9938124373;B
20240325;095945;1356;3;9938124374;B
20240325;095945;1356;1;9938124375;B
20240325;095945;1356;1;9938124376;B
20240325;095945;1356;1;9938124377;B
20240325;095945;1356;3;9938124378;S
20240325;095945;1356;1;9938124379;S
20240325;095945;1356;1;9938124380;B
20240325;095945;1356;2;9938124381;S
20240325;095945;1356;10;9938124382;S
20240325;095945;1356;4;9938124383;B
20240325;095945;1356;2;9938124384;B
20240325;095945;1356;10;9938124385;B
20240325;095945;1356;1;9938124386;B
20240325;095945;1356;2;9938124387;B
20240325;095945;1356;3;9938124388;B
20240325;095945;1356;2;9938124389;B
20240325;095945;1356;11;9938124390;B
20240325;095945;1356;9;9938124391;B
20240325;095945;1356;2;9938124392;B
20240325;095945;1356;11;9938124393;B
20240325;095945;1356;5;9938124394;B
20240325;095945;1356;11;9938124395;B
20240325;095945;1356;37;9938124396;B
20240325;095945;1356;34;9938124397;B
20240325;095945;1356;1;9938124398;B
20240325;095945;1356;5;9938124399;B
20240325;095945;1356;1;9938124400;B
20240325;095945;1356;1;9938124401;B
20240325;095945;1356;48;9938124402;B
20240325;095945;1356;9;9938124403;B
20240325;095945;1356;5;9938124404;B
20240325;095945;1356;1;9938124405;B
20240325;095945;1356;1;9938124406;B
20240325;095945;1356;4;9938124407;B
20240325;095945;1356;5;9938124408;B
20240325;095945;1356;2;9938124409;B
20240325;095945;1356;16;9938124410;B
20240325;095945;1356;5;9938124411;S
20240325;095945;1356;1;9938124412;B
20240325;095945;1356;2;9938124413;B
20240325;095945;1356;4;9938124414;B
20240325;095945;1356;1;9938124415;B
20240325;095945;1356;45;9938124416;B
20240325;095945;1356;54;9938124417;B
20240325;095945;1356;1;9938124418;B
20240325;095945;1356;1;9938124419;B
20240325;095945;1356;3;9938124420;B
20240325;095945;1356;5;9938124421;B
20240325;095945;1356;12;9938124422;S
20240325;095945;1356;1;9938124423;S
20240325;095945;1356;1;9938124424;S
20240325;095945;1356;3;9938124425;S
20240325;095945;1356;33;9938124426;S
20240325;095945;1356;1;9938124427;B
20240325;095945;1356;329;9938124428;B
20240325;095945;1356;28;9938124429;B
20240325;095945;1356;2;9938124430;B
20240325;095945;1356;3;9938124431;B
20240325;095945;1356;250;9938124432;B
20240325;095945;1356;700;9938124433;B
20240325;095945;1356;4;9938124434;B
20240325;095945;1356;8;9938124435;B
20240325;095945;1356;1250;9938124436;B
20240325;095945;1356;4;9938124437;B
20240325;095945;1356;15;9938124438;B
20240325;095945;1356;10;9938124439;B
20240325;095945;1356;500;9938124440;B
20240325;095945;1356;1;9938124441;B
20240325;095945;1356;2;9938124442;B
20240325;095945;1356;5;9938124443;B
20240325;095945;1356;1;9938124444;S
20240325;095945;1356;1;9938124445;B
20240325;095945;1356;90;9938124446;S
20240325;095945;1356;100;9938124447;B
20240325;095945;1356;26;9938124448;S
20240325;095945;1356;1;9938124449;S
20240325;095945;1356;50;9938124450;B
20240325;095945;1356;1;9938124451;B
20240325;095945;1356;72;9938124452;B
20240325;095945;1356;15;9938124453;B
20240325;095945;1356;60;9938124454;S
20240325;095945;1356;1;9938124455;S
20240325;095945;1356;19;9938124456;S
20240325;095945;1356;44;9938124457;S
20240325;095945;1356;100;9938124458;S
20240325;095945;1356;30;9938124459;S
20240325;095945;1356;17;9938124460;S
20240325;095945;1356;500;9938124461;B
20240325;095945;1356;100;9938124462;B
20240325;095945;1356;760;9938124463;B
20240325;095945;1356;1;9938124464;B
20240325;095945;1356;40;9938124465;B
20240325;095945;1356;6;9938124466;B
20240325;095945;1356;2;9938124467;B
20240325;095945;1356;1;9938124468;S
20240325;095945;1356;1;9938124469;S
20240325;095945;1356;3;9938124470;S
20240325;095945;1356;347;9938124471;S
20240325;095945;1356;1;9938124472;S
20240325;095945;1356;27;9938124473;S
20240325;095945;1356;3;9938124474;B
20240325;095945;1356;25;9938124475;B
20240325;095945;1356;12;9938124476;B
20240325;095945;1356;1050;9938124477;S
20240325;095945;1356;5;9938124478;S
20240325;095945;1356;132;9938124479;S
20240325;095945;1356;52;9938124480;S
20240325;095945;1356;444;9938124481;S
20240325;095945;1356;1;9938124482;B
20240325;095945;1356;1;9938124483;B
20240325;095945;1356;3;9938124484;S
20240325;095945;1356;9;9938124485;S
20240325;095945;1356;200;9938124486;S
20240325;095945;1356;15;9938124487;S
20240325;095945;1356;1;9938124488;B
20240325;095945;1356;2;9938124489;B
20240325;095945;1356;21;9938124490;B
20240325;095945;1356;3;9938124491;B
20240325;095945;1356;1;9938124492;S
20240325;095945;1356;1;9938124493;B
20240325;095945;1356;981;9938124494;S
20240325;095945;1356;1;9938124495;S
20240325;095945;1356;1;9938124496;S
20240325;095945;1356;1;9938124497;S
20240325;095945;1356;10;9938124498;S
20240325;095945;1356;10;9938124499;S
20240325;095945;1356;5;9938124500;S
20240325;095945;1356;1;9938124501;B
20240325;095945;1356;1;9938124502;S
20240325;095945;1356;8;9938124503;S
20240325;095945;1356;209;9938124504;S
20240325;095945;1356;249;9938124505;B
20240325;095945;1356;84;9938124506;B
20240325;095945;1356;300;9938124507;B
20240325;095945;1356;333;9938124508;S
20240325;095945;1356;331;9938124509;S
20240325;095945;1356;1000;9938124510;S
20240325;095945;1356;452;9938124511;S
20240325;100000;1356.4;200;9938129053;B
20240325;100000;1357;1;9938129180;B
20240325;100000;1357.4;11;9938129181;B
20240325;100000;1357.2;37;9938129194;B
20240325;100000;1357.4;3;9938129225;B
20240325;100000;1357.4;24;9938129303;B
20240325;100000;1357.4;1;9938129304;B
20240325;100000;1357.4;10;9938129437;B
20240325;100000;1357.4;1;9938129480;B
20240325;100000;1357.4;4;9938129481;B
20240325;100000;1357.4;1;9938129492;B
20240325;100000;1357.6;1;9938129579;B
20240325;100000;1356.4;132;9938129615;S
20240325;100000;1356.4;9;9938129616;S
20240325;100000;1357.2;3;9938129628;B
20240325;100000;1357.2;26;9938129650;B
20240325;100000;1357.2;10;9938129653;B
20240325;100000;1356.4;31;9938129656;S
20240325;100000;1357.2;2;9938129657;B
20240325;100001;1357.6;3;9938129776;B
20240325;100001;1357.8;17;9938129777;B
20240325;100001;1357.8;1;9938129778;B
20240325;100001;1357.8;1;9938129805;B
20240325;100001;1356.6;4;9938129914;S
20240325;100001;1357;3;9938129915;B
20240325;100001;1356.6;5;9938130128;S
20240325;100001;1356.6;5;9938130135;S
20240325;100001;1357;8;9938130210;S
20240325;100001;1357;7;9938130485;B
20240325;100001;1357;15;9938130486;B
20240325;100001;1357.2;1;9938130487;B
20240325;100001;1357.4;177;9938130488;B
20240325;100001;1356.6;68;9938130594;S
20240325;100002;1357.4;4;9938130686;B
20240325;100002;1357.4;200;9938130786;B
20240325;100002;1356.6;1;9938130820;S
20240325;100002;1356.6;1;9938130986;S
20240325;100002;1356.6;10;9938131108;S
20240325;100002;1356.8;223;9938131224;B
20240325;100002;1357;77;9938131225;B
20240325;100002;1356.6;4;9938131233;S
20240325;100002;1356.8;223;9938131245;B
20240325;100002;1356.8;223;9938131265;B
20240325;100002;1356.8;223;9938131274;B
20240325;100002;1356.8;223;9938131284;B
20240325;100002;1356.8;223;9938131297;B
20240325;100002;1356.8;223;9938131310;B
20240325;100002;1356.8;223;9938131315;B
20240325;100002;1357;223;9938131333;B
20240325;100002;1357.2;100;9938131334;B
20240325;100002;1357.6;205;9938131335;B
20240325;100002;1356.8;1;9938131356;S
20240325;100002;1357;1;9938131446;S
20240325;100002;1356.8;1;9938131488;S
20240325;100002;1357.6;80;9938131502;B
20240325;100002;1357.8;71;9938131503;B
20240325;100002;1357.8;4;9938131504;B
20240325;100002;1357.8;1;9938131505;B
20240325;100002;1358;1;9938131506;B
20240325;100002;1358;10;9938131507;B
20240325;100002;1358;188;9938131508;B
20240325;100002;1358.2;40;9938131509;B
20240325;100002;1358.2;132;9938131510;B
20240325;100002;1358.4;20;9938131511;B
20240325;100002;1358.4;5;9938131512;B
20240325;100002;1358.6;148;9938131513;B
20240325;100002;1357.2;200;9938131549;S
20240325;100002;1357.4;100;9938131555;S
20240325;100002;1357;7;9938131644;S
20240325;100002;1357;100;9938131648;S
20240325;100002;1358.2;1;9938131673;B
20240325;100002;1358.4;4;9938131674;B
20240325;100002;1356.8;12;9938131956;S
20240325;100002;1356.8;138;9938131957;S
20240325;100002;1356.8;8;9938131980;S
20240325;100002;1357;12;9938131990;S
20240325;100002;1357;2;9938131991;B
20240325;100002;1356.8;12;9938132008;S
20240325;100002;1356.6;40;9938132009;S
20240325;100002;1356.6;48;9938132010;S
20240325;100003;1356.6;1;9938132178;S
20240325;100004;1356.2;2;9938133268;S
20240325;100004;1357;3;9938133545;B
20240325;100004;1356.2;5;9938133551;S
20240325;100004;1356.2;1;9938133554;S
20240325;100005;1356.2;4;9938133667;S
20240325;100005;1356.2;1;9938134396;S
20240325;100005;1356.2;39;9938134552;S
20240325;100005;1357;9;9938135115;B
20240325;100005;1357;191;9938135116;B
20240325;100005;1356.8;1;9938135225;B
20240325;100005;1356.8;1;9938135232;B
20240325;100005;1356.8;7;9938135992;B
20240325;100005;1356.8;1;9938135998;B
20240325;100005;1356.2;1;9938136016;S
20240325;100005;1356.8;2;9938136033;B
20240325;100005;1356.4;1;9938136045;S
20240325;100005;1357;8;9938136053;B
20240325;100005;1357;1;9938136178;B
20240325;100006;1356.4;1;9938136191;S
20240325;100006;1357;1;9938136210;B
20240325;100006;1357;2;9938136233;B
20240325;100006;1357;1;9938136234;B
20240325;100006;1356.4;1;9938136607;S
20240325;100006;1356.4;1;9938136619;S
20240325;100006;1356.4;1;9938136631;S
20240325;100006;1356.4;1;9938136681;S
20240325;100006;1357;5;9938137164;B
20240325;100006;1357;1;9938137170;B
20240325;100006;1357;1;9938137184;B
20240325;100006;1357;1;9938137188;B
20240325;100006;1357;1;9938137194;B
20240325;100006;1356.4;1;9938137214;S
20240325;100006;1357;1;9938137221;B
20240325;100006;1356.4;1;9938137229;S
20240325;100006;1357;115;9938137248;B
20240325;100006;1357;2;9938137252;B
20240325;100006;1356.4;4;9938137269;S
20240325;100006;1356.2;63;9938137270;S
20240325;100006;1356.2;3;9938137271;S
20240325;100006;1357.2;1;9938137884;B
20240325;100006;1356.2;12;9938137896;S
20240325;100006;1356.2;97;9938137897;S
20240325;100006;1356;8;9938137898;S
20240325;100006;1356.6;1;9938138363;B
20240325;100006;1356.6;5;9938138372;B
20240325;100006;1356.6;2;9938138381;B
20240325;100006;1356.2;1;9938138395;S
20240325;100007;1356.8;1;9938139311;B
20240325;100007;1356.2;1;9938139313;S
20240325;100007;1356.8;3;9938139314;B
20240325;100007;1357.2;9;9938139315;B
20240325;100007;1357.2;12;9938139316;B
20240325;100007;1357.4;1;9938139317;B
20240325;100007;1356.2;6;9938140095;S
20240325;100007;1357.2;3;9938140096;B
20240325;100007;1357.2;1;9938140097;B
20240325;100007;1357.2;1;9938140098;B
20240325;100007;1357.4;99;9938140099;B
20240325;100007;1356.2;1;9938140100;S
20240325;100007;1357.4;1;9938140101;B
20240325;100007;1357.2;7;9938140319;B
20240325;100007;1357.4;109;9938140320;B
20240325;100007;1357.4;132;9938140321;B
20240325;100007;1357.4;122;9938140322;B
20240325;100007;1357.6;130;9938140323;B
20240325;100007;1356.6;2;9938140369;B
20240325;100007;1357.6;1;9938140515;B
20240325;100007;1356.2;3;9938140516;S
20240325;100007;1356.2;28;9938140517;S
20240325;100007;1357.6;1;9938140518;B
20240325;100007;1357.6;1;9938140519;B
20240325;100007;1357.4;1;9938141023;B
20240325;100007;1356.4;2;9938141025;S
20240325;100007;1356.4;10;9938141026;S
20240325;100007;1356.2;46;9938141027;S
20240325;100007;1356.2;132;9938141028;S
20240325;100007;1356.2;112;9938141029;S
20240325;100007;1357.4;1;9938141030;B
20240325;100007;1357.4;1;9938141031;B
20240325;100007;1356.2;1;9938141032;S
20240325;100007;1356.4;5;9938141033;S
20240325;100007;1357.4;1;9938141034;B
20240325;100007;1357.4;1;9938141035;B
20240325;100007;1356.4;7;9938141036;S
20240325;100007;1356.2;73;9938141037;S
20240325;100007;1357;1;9938141256;B
20240325;100007;1356.2;1;9938141257;S
20240325;100007;1356.2;1;9938141258;S
20240325;100007;1356.2;1;9938141261;S
20240325;100008;1356.2;1;9938141906;S
20240325;100008;1356.2;1;9938141907;S
20240325;100008;1357;1;9938141909;B
20240325;100008;1356.2;1;9938141911;S
20240325;100008;1357;2;9938141912;B
20240325;100008;1357;1;9938141916;B
20240325;100008;1357;1;9938141919;B
20240325;100008;1357.2;12;9938141922;B
20240325;100008;1357.4;13;9938141923;B
20240325;100008;1357.8;3;9938142292;B
20240325;100008;1357.8;1;9938142296;B
20240325;100008;1356.4;1;9938142299;S
20240325;100008;1357.8;1;9938142306;B
20240325;100008;1357.8;1;9938142308;B
20240325;100008;1357.8;1;9938142637;B
20240325;100009;1357.4;1;9938143564;B
20240325;100009;1357.4;11;9938143572;B
20240325;100009;1357.6;300;9938143573;B
20240325;100009;1357.6;23;9938143574;B
20240325;100009;1357.6;3;9938143587;B
20240325;100009;1357.6;1;9938143589;B
20240325;100009;1357.4;1;9938143600;B
20240325;100009;1358;5;9938143671;B
20240325;100009;1358;1;9938143677;B
20240325;100009;1356.8;4;9938143681;S
20240325;100009;1357.8;4;9938144279;B
20240325;100009;1358.2;1;9938144280;B
20240325;100009;1358.2;1;9938144625;B
20240325;100009;1356.8;1;9938144751;S
20240325;100009;1358.2;1;9938144791;B
20240325;100009;1358.2;1;9938144792;B
20240325;100009;1358.2;1;9938144794;B
20240325;100009;1356.8;7;9938145126;S
20240325;100009;1356.8;23;9938145127;S
20240325;100009;1356.6;50;9938145128;S
20240325;100009;1356.2;20;9938145129;S
20240325;100009;1358;1;9938145468;B
20240325;100009;1358.2;64;9938145469;B
20240325;100009;1358;1;9938145490;B
20240325;100009;1358;1;9938145492;B
20240325;100009;1356.4;1;9938145497;S
20240325;100009;1356.4;11;9938145512;S
20240325;100009;1356.4;64;9938145513;S
20240325;100009;1356.2;7;9938145514;S
20240325;100010;1358;5;9938145599;B
20240325;100010;1358.2;25;9938145600;B
20240325;100010;1357.8;2;9938145884;B
20240325;100010;1357.8;29;9938145917;B
20240325;100010;1356.4;10;9938146059;S
20240325;100010;1357.8;1;9938146409;B
20240325;100010;1357.8;4;9938146410;B
20240325;100010;1357.2;1;9938146411;S
20240325;100010;1357;10;9938146413;S
20240325;100010;1357.8;5;9938146414;B
20240325;100010;1357.8;1;9938146417;B
20240325;100010;1358;12;9938146418;B
20240325;100010;1358;87;9938146419;B
20240325;100010;1357.8;10;9938146808;B
20240325;100010;1358;9;9938146809;B
20240325;100010;1358;21;9938146817;B
20240325;100010;1358;1;9938146845;B
20240325;100010;1358;10;9938146888;B
20240325;100010;1358;1;9938146923;B
20240325;100011;1358;1;9938147216;B
20240325;100011;1357.4;4;9938147217;S
20240325;100011;1357.4;2;9938147218;S
20240325;100011;1358;1;9938147219;B
20240325;100011;1358;5;9938147220;B
20240325;100011;1357.8;4;9938147221;B
20240325;100011;1358;64;9938147222;B
20240325;100011;1358;2;9938147223;B
20240325;100011;1357.4;6;9938147729;S
20240325;100011;1357.2;4;9938147730;S
20240325;100011;1358.2;2;9938148022;B
20240325;100011;1358.2;6;9938148023;B
20240325;100012;1358;1;9938148157;B
20240325;100013;1357.8;192;9938148770;S
20240325;100013;1357.8;12;9938148771;S
20240325;100013;1357.6;2;9938148772;S
20240325;100013;1357.2;62;9938148773;S
20240325;100013;1357.2;550;9938148774;S
20240325;100013;1357;132;9938148775;S
20240325;100014;1358;12;9938148861;B
20240325;100014;1358.2;210;9938148862;B
20240325;100014;1358.4;78;9938148863;B
20240325;100014;1358.2;5;9938148923;B
20240325;100014;1358.2;39;9938148924;B
20240325;100014;1358.4;56;9938148925;B
20240325;100015;1357.2;10;9938149304;S
20240325;100015;1358.4;1;9938149318;B
20240325;100015;1358.2;10;9938149392;B
20240325;100015;1358.4;65;9938149393;B
20240325;100015;1358.6;50;9938149394;B
20240325;100015;1358.8;100;9938149395;B
20240325;100015;1358.8;50;9938149396;B
20240325;100015;1359;1;9938149397;B
20240325;100015;1359;3;9938149398;B
20240325;100015;1359;1;9938149399;B
20240325;100015;1359;1;9938149400;B
20240325;100015;1359;19;9938149401;B
20240325;100015;1358.4;1;9938149422;B
20240325;100015;1358.4;5;9938149462;B
20240325;100016;1358.4;13;9938149531;B
20240325;100016;1358.8;64;9938149532;B
20240325;100017;1358;6;9938149947;B
20240325;100017;1358.6;6;9938149948;B
20240325;100017;1358.8;2;9938149949;B
20240325;100017;1357.8;1;9938150032;S
20240325;100017;1357.2;2;9938150033;S
20240325;100017;1357.2;4;9938150034;S
20240325;100017;1358.6;5;9938150161;B
20240325;100017;1358.8;6;9938150162;B
20240325;100017;1358.8;2;9938150163;B
20240325;100017;1358.8;4;9938150164;B
20240325;100017;1359;57;9938150165;B
20240325;100018;1357.4;12;9938150369;S
20240325;100018;1357.4;24;9938150370;B
20240325;100018;1357.4;12;9938150371;S
20240325;100018;1358.2;12;9938150442;B
20240325;100018;1358.2;10;9938150443;B
20240325;100018;1358.4;27;9938150444;B
20240325;100018;1358.6;25;9938150445;B
20240325;100018;1357.4;2;9938150511;S
20240325;100019;1358.2;21;9938150582;B
20240325;100019;1358.4;12;9938150583;B
20240325;100019;1358.6;217;9938150584;B
20240325;100019;1358.4;2;9938150592;B
20240325;100019;1358.6;54;9938150593;B
20240325;100019;1358.8;2;9938150594;B
20240325;100019;1358.8;16;9938150595;B
20240325;100019;1358;1;9938150605;B
20240325;100019;1358;2;9938150650;B
20240325;100019;1358;14;9938150730;B
20240325;100019;1358.8;52;9938150731;B
20240325;100019;1359;8;9938150732;B
20240325;100019;1359;116;9938150758;B
20240325;100019;1359;1;9938150759;B
20240325;100019;1359;1;9938150760;B
20240325;100019;1359;1;9938150761;B
20240325;100019;1359.2;38;9938150762;B
20240325;100020;1359;34;9938150983;B
20240325;100020;1357.8;1;9938151121;B
20240325;100020;1358.8;58;9938151122;B
20240325;100020;1359;16;9938151123;B
20240325;100020;1358.8;58;9938151151;B
20240325;100020;1359;42;9938151152;B
20240325;100021;1357.8;12;9938151257;S
20240325;100021;1357.4;30;9938151258;S
20240325;100021;1357.4;8;9938151259;S
20240325;100021;1358.4;12;9938151541;B
20240325;100021;1358.6;58;9938151542;B
20240325;100021;1358.8;58;9938151543;B
20240325;100021;1359;58;9938151544;B
20240325;100021;1359;684;9938151545;B
20240325;100021;1359.2;4;9938151546;B
20240325;100021;1359.2;150;9938151547;B
20240325;100021;1359.4;20;9938151548;B
20240325;100021;1359.4;50;9938151549;B
20240325;100021;1359.4;40;9938151550;B
20240325;100021;1359.4;150;9938151551;B
20240325;100021;1359.6;3;9938151552;B
20240325;100021;1359.6;150;9938151553;B
20240325;100021;1359.6;421;9938151554;B
20240325;100021;1357.8;2;9938151563;S
20240325;100022;1359.4;58;9938151707;B
20240325;100022;1359.4;2;9938151708;B
20240325;100022;1359.6;14;9938151709;B
20240325;100022;1359.4;58;9938151740;B
20240325;100022;1359.6;58;9938151741;B
20240325;100022;1359.6;50;9938151742;B
20240325;100022;1359.8;234;9938151743;B
20240325;100022;1359.6;5;9938151819;B
20240325;100022;1359.6;53;9938151882;B
20240325;100022;1359.8;148;9938151883;B
20240325;100022;1359.6;58;9938151885;B
20240325;100022;1359.8;16;9938151886;B
20240325;100022;1359.2;1;9938151935;S
20240325;100024;1359.6;29;9938152624;B
20240325;100024;1359.2;11;9938152659;S
20240325;100024;1359;50;9938152660;S
20240325;100025;1357.6;14;9938152739;S
20240325;100025;1357.8;600;9938152755;B
20240325;100025;1358.2;12;9938152771;B
20240325;100025;1359.2;17;9938152772;B
20240325;100025;1359.4;58;9938152968;B
20240325;100025;1359.6;29;9938152969;B
20240325;100025;1359.6;163;9938152970;B
20240325;100025;1359.4;1;9938152992;B
20240325;100026;1358.2;1;9938153067;S
20240325;100026;1359;1;9938153175;B
20240325;100026;1359.2;2;9938153176;B
20240325;100027;1358.2;11;9938153282;S
20240325;100027;1358;189;9938153283;S
20240325;100027;1358;12;9938153322;S
20240325;100027;1357.6;6;9938153323;S
20240325;100027;1358.6;12;9938153433;B
20240325;100027;1358.8;12;9938153434;B
20240325;100027;1358.8;168;9938153435;B
20240325;100027;1358.8;12;9938153510;B
20240325;100027;1359.2;2;9938153511;B
20240325;100028;1358.8;11;9938153720;B
20240325;100028;1359;11;9938153721;B
20240325;100028;1359.2;9;9938153722;B
20240325;100028;1359.4;57;9938153723;B
20240325;100028;1359.4;12;9938153724;B
20240325;100028;1357.8;6;9938153777;S
20240325;100029;1357.8;3;9938153962;S
20240325;100030;1359.2;1;9938154228;B
20240325;100030;1359.2;7;9938154260;B
20240325;100030;1359.2;1;9938154294;B
20240325;100030;1359;1;9938154440;S
20240325;100030;1359;18;9938154476;S
20240325;100031;1359;13;9938154651;S
20240325;100031;1358.4;8;9938154775;S
20240325;100031;1358.2;20;9938154859;S
20240325;100032;1358.6;5;9938155121;B
20240325;100032;1358.8;13;9938155189;B
20240325;100032;1359;1;9938155190;B
20240325;100032;1358.6;30;9938155241;B
20240325;100032;1359;12;9938155242;B
20240325;100032;1359.2;1;9938155243;B
20240325;100032;1359.2;5;9938155244;B
20240325;100032;1359.2;5;9938155245;B
20240325;100032;1359.2;8;9938155246;B
20240325;100032;1359.4;23;9938155247;B
20240325;100032;1359.4;58;9938155248;B
20240325;100032;1359.6;337;9938155249;B
20240325;100032;1359.6;21;9938155250;B
20240325;100032;1359.2;43;9938155279;B
20240325;100032;1359.6;37;9938155280;B
20240325;100032;1359.8;120;9938155281;B
20240325;100033;1358.4;12;9938155422;S
20240325;100033;1358.2;19;9938155423;S
20240325;100033;1359.4;10;9938155487;B
20240325;100034;1359.4;1;9938155694;B
20240325;100034;1359.4;1;9938155856;B
20240325;100034;1359.6;2;9938155857;B
20240325;100034;1358.8;52;9938155949;S
20240325;100036;1358.8;56;9938156286;S
20240325;100036;1358.8;38;9938156404;S
20240325;100036;1358.6;5;9938156405;S
20240325;100036;1358.4;12;9938156406;S
20240325;100036;1358.2;61;9938156407;S
20240325;100036;1358;144;9938156408;S
20240325;100036;1359;10;9938156478;B
20240325;100036;1359;12;9938156479;B
20240325;100036;1359.2;12;9938156480;B
20240325;100036;1359.2;56;9938156481;B
20240325;100036;1359.6;10;9938156482;B
20240325;100036;1359.6;46;9938156518;B
20240325;100036;1359.6;28;9938156519;B
20240325;100036;1359.8;125;9938156520;B
20240325;100037;1358.2;5;9938156582;S
20240325;100037;1358.2;7;9938156623;S
20240325;100037;1358;56;9938156624;S
20240325;100037;1358;37;9938156625;S
20240325;100037;1358.2;5;9938156773;S
20240325;100037;1358;3;9938156774;S
20240325;100038;1359.6;19;9938156998;B
20240325;100038;1358;7;9938157060;S
20240325;100038;1359.6;3;9938157124;B
20240325;100041;1358;5;9938157874;S
20240325;100041;1358.6;1;9938158018;B
20240325;100042;1358;6;9938158178;S
20240325;100042;1358;4;9938158179;S
20240325;100042;1358.6;1;9938158228;B
20240325;100043;1358;1;9938158441;S
20240325;100043;1358;9;9938158442;S
20240325;100043;1358.6;3;9938158446;B
20240325;100043;1358.8;12;9938158447;B
20240325;100043;1359;10;9938158448;B
20240325;100043;1359;10;9938158449;B
20240325;100043;1359;65;9938158450;B
20240325;100043;1358.4;12;9938158549;S
20240325;100043;1358.2;210;9938158550;S
20240325;100043;1358.2;10;9938158551;S
20240325;100043;1358;1;9938158552;S
20240325;100043;1358;1;9938158553;S
20240325;100043;1358;2;9938158554;S
20240325;100043;1358;2;9938158555;S
20240325;100043;1358;62;9938158556;S
20240325;100043;1358.8;12;9938158600;B
20240325;100043;1359;61;9938158601;B
20240325;100044;1359;1;9938158751;B
20240325;100044;1358.2;1;9938158837;S
20240325;100044;1358.2;11;9938158840;S
20240325;100044;1358;139;9938158841;S
20240325;100044;1358.8;1;9938158856;B
20240325;100044;1359;9;9938158857;B
20240325;100045;1358.2;12;9938159152;S
20240325;100045;1358;99;9938159153;S
20240325;100045;1358;5;9938159154;S
20240325;100045;1358;58;9938159155;S
20240325;100045;1358;1;9938159156;S
20240325;100045;1358;25;9938159157;S
20240325;100045;1358.8;11;9938159172;B
20240325;100045;1359;16;9938159173;B
20240325;100045;1358.8;12;9938159226;B
20240325;100045;1359;188;9938159227;B
20240325;100046;1359;5;9938159349;B
20240325;100046;1359;50;9938159388;B
20240325;100046;1359;55;9938159541;B
20240325;100046;1359.6;36;9938159542;B
20240325;100046;1359.6;1;9938159543;B
20240325;100046;1359.6;2;9938159544;B
20240325;100046;1359.6;156;9938159545;B
20240325;100047;1358.4;3;9938159575;S
20240325;100047;1359;2;9938159678;S
20240325;100048;1359.4;3;9938159856;B
20240325;100048;1359.6;24;9938159857;B
20240325;100048;1359.6;30;9938159957;B
20240325;100048;1359.6;8;9938159958;B
20240325;100048;1359.6;58;9938159959;B
20240325;100048;1359.8;104;9938159960;B
20240325;100048;1359;6;9938159983;S
20240325;100048;1359.4;6;9938159998;B
20240325;100048;1359.6;44;9938159999;B
20240325;100050;1359;1;9938160443;S
20240325;100050;1359;61;9938160771;S
20240325;100050;1359;12;9938160772;S
20240325;100050;1359;3;9938160773;S
20240325;100050;1359;324;9938160774;S
20240325;100050;1359;11;9938160775;S
20240325;100050;1359;17;9938160805;S
20240325;100051;1359;5;9938160889;S
20240325;100051;1359;23;9938160926;S
20240325;100051;1359.4;1;9938161012;B
20240325;100051;1359;5;9938161202;S
20240325;100051;1359;39;9938161226;S
20240325;100051;1359;15;9938161290;S
20240325;100052;1359;30;9938161325;S
20240325;100052;1359.4;8;9938161328;B
20240325;100052;1359;11;9938161337;S
20240325;100052;1359;12;9938161361;S
20240325;100052;1359;8;9938161389;S
20240325;100052;1358.8;1;9938161672;B
20240325;100052;1358.2;35;9938161686;S
20240325;100053;1358.8;71;9938161818;B
20240325;100053;1358.2;175;9938161819;S
20240325;100053;1358.2;58;9938161820;S
20240325;100053;1358;75;9938161821;S
20240325;100053;1358;58;9938161822;S
20240325;100053;1358;4;9938161823;S
20240325;100053;1358;12;9938161824;S
20240325;100053;1358;7;9938161825;S
20240325;100053;1357.8;49;9938161826;S
20240325;100053;1357.8;1;9938161827;S
20240325;100053;1357.6;50;9938161828;S
20240325;100053;1357.4;40;9938161829;S
20240325;100053;1357.4;3;9938161830;S
20240325;100053;1357.4;50;9938161831;S
20240325;100053;1357.4;50;9938161832;S
20240325;100053;1357.4;4;9938161833;S
20240325;100053;1357.2;1;9938161834;S
20240325;100053;1357.2;650;9938161835;S
20240325;100053;1357.2;298;9938161836;S
20240325;100053;1357.2;1;9938161837;S
20240325;100053;1357.2;2;9938161838;S
20240325;100053;1357;1212;9938161839;S
20240325;100053;1357.2;6;9938162061;S
20240325;100054;1358;5;9938162117;B
20240325;100054;1357.4;1;9938162287;S
20240325;100054;1358;1;9938162294;B
20240325;100054;1358;1;9938162296;B
20240325;100054;1358;86;9938162313;B
20240325;100054;1358;14;9938162314;B
20240325;100054;1357.4;19;9938162323;S
20240325;100055;1357.6;5;9938162362;B
20240325;100055;1357.4;1;9938162409;B
20240325;100055;1357;100;9938162531;S
20240325;100055;1357;27;9938162581;S
20240325;100056;1357.2;100;9938162806;B
20240325;100056;1357.2;3;9938162962;B
20240325;100056;1357.2;1;9938163032;B
20240325;100057;1357.2;1;9938163171;B
20240325;100057;1357.2;2;9938163346;B
20240325;100058;1357;50;9938163443;S
20240325;100058;1357;20;9938163446;S
20240325;100058;1357;276;9938163447;S
20240325;100058;1357;50;9938163477;S
20240325;100058;1357;56;9938163490;S
20240325;100058;1357;56;9938163519;S
20240325;100058;1357.2;1;9938163531;B
20240325;100058;1357;50;9938163535;S
20240325;100058;1357.2;6;9938163553;B
20240325;100058;1357;60;9938163574;S
20240325;100058;1357;30;9938163575;S
20240325;100058;1357.2;40;9938163739;B
20240325;100058;1357;25;9938163747;S
20240325;100059;1357;11;9938163824;S
20240325;100059;1357.2;1;9938163946;B
20240325;100059;1357.2;45;9938164030;B
20240325;100059;1357.4;155;9938164031;B
20240325;100059;1357.4;1;9938164098;B
20240325;100100;1357.4;1;9938164180;B
20240325;100100;1357.4;10;9938164224;B
20240325;100100;1357.4;15;9938164264;B
20240325;100100;1357;1;9938164384;S
20240325;100100;1357.2;7;9938164422;B
20240325;100100;1357;1;9938164487;S
20240325;100100;1357.2;4;9938164494;B
20240325;100102;1357.2;2;9938164818;B
20240325;100102;1357.2;1;9938164931;B
20240325;100102;1357.2;30;9938165046;B
20240325;100103;1357;42;9938165167;S
20240325;100103;1357;1;9938165168;S
20240325;100103;1357;3;9938165169;S
20240325;100103;1357;6;9938165170;S
20240325;100103;1357;58;9938165171;S
20240325;100103;1357;10;9938165206;B
20240325;100103;1357;10;9938165211;B
20240325;100103;1357;10;9938165242;B
20240325;100103;1356.8;6;9938165281;S
20240325;100103;1356.8;3;9938165423;S
20240325;100104;1357;50;9938165745;B
20240325;100104;1357;4;9938165758;B
20240325;100104;1356.8;1;9938165835;S
20240325;100105;1357;6;9938165946;B
20240325;100105;1357;8;9938165947;B
20240325;100105;1357;3;9938166198;B
20240325;100106;1357;1;9938166271;B
20240325;100107;1356.6;10;9938166567;S
20240325;100107;1357;3;9938166662;B
20240325;100107;1357;8;9938166663;B
20240325;100108;1357;1;9938166946;B
20240325;100108;1356.6;48;9938166959;S
20240325;100108;1356.4;58;9938166960;S
20240325;100108;1356.4;28;9938166961;S
20240325;100108;1356.2;12;9938166962;S
20240325;100108;1356.2;58;9938166963;S
20240325;100108;1356;1;9938166964;S
20240325;100108;1356;50;9938166965;S
20240325;100108;1356;200;9938166966;S
20240325;100108;1356;57;9938166967;S
20240325;100108;1356;20;9938166968;S
20240325;100108;1356;180;9938166969;S
20240325;100108;1356;1;9938166970;S
20240325;100108;1355.4;40;9938166971;S
20240325;100108;1355.4;3;9938166972;S
20240325;100108;1355.4;120;9938166973;S
20240325;100108;1355.2;182;9938166974;S
20240325;100108;1355;1;9938166975;S
20240325;100108;1355;3;9938166976;S
20240325;100108;1355;1;9938166977;S
20240325;100108;1355;3;9938166978;S
20240325;100108;1355;4;9938166979;S
20240325;100108;1355;10;9938166980;S
20240325;100108;1355;40;9938166981;S
20240325;100108;1354.8;86;9938166982;S
20240325;100108;1354.6;88;9938166983;S
20240325;100108;1354.4;95;9938166984;S
20240325;100108;1354.4;350;9938166985;S
20240325;100108;1354.4;600;9938166986;S
20240325;100108;1354.4;3;9938166987;S
20240325;100108;1354.2;700;9938166988;S
20240325;100108;1354.2;300;9938166989;S
20240325;100108;1354.2;500;9938166990;S
20240325;100108;1354.2;12;9938166991;S
20240325;100108;1354.2;2;9938166992;S
20240325;100108;1354.2;88;9938166993;S
20240325;100108;1354.2;10;9938166994;S
20240325;100108;1354;3;9938166995;S
20240325;100108;1354;3950;9938166996;S
20240325;100108;1354;1;9938166997;S
20240325;100108;1354;10;9938166998;S
20240325;100108;1354;127;9938166999;S
20240325;100108;1354;74;9938167000;S
20240325;100108;1354;89;9938167001;S
20240325;100108;1353.8;86;9938167002;S
20240325;100108;1353.6;94;9938167003;S
20240325;100108;1353.4;86;9938167004;S
20240325;100108;1353.2;86;9938167005;S
20240325;100108;1353.2;1;9938167006;S
20240325;100108;1353;93;9938167007;S
20240325;100108;1352.8;88;9938167008;S
20240325;100108;1352.8;3;9938167009;S
20240325;100108;1352.8;1477;9938167010;S
20240325;100108;1352.6;92;9938167011;S
20240325;100108;1352.4;125;9938167012;S
20240325;100108;1352.4;91;9938167013;S
20240325;100108;1352.2;643;9938167014;S
20240325;100108;1352.2;87;9938167015;S
20240325;100108;1352;3;9938167016;S
20240325;100108;1352;200;9938167017;S
20240325;100108;1352;10;9938167018;S
20240325;100108;1352;94;9938167019;S
20240325;100108;1352;1;9938167020;S
20240325;100108;1352;20;9938167021;S
20240325;100108;1351.8;88;9938167022;S
20240325;100108;1351.6;87;9938167023;S
20240325;100108;1351.4;2;9938167024;S
20240325;100108;1351.4;300;9938167025;S
20240325;100108;1351.4;70;9938167026;S
20240325;100108;1351.2;370;9938167027;S
20240325;100108;1351;75;9938167028;S
20240325;100108;1351;14;9938167029;S
20240325;100108;1351;10;9938167030;S
20240325;100108;1351;3;9938167031;S
20240325;100108;1351;6;9938167032;S
20240325;100108;1351;1;9938167033;S
20240325;100108;1351;20;9938167034;S
20240325;100108;1351;1;9938167035;S
20240325;100108;1350.8;50;9938167036;S
20240325;100108;1350.8;5;9938167037;S
20240325;100108;1350.6;700;9938167038;S
20240325;100108;1350.6;149;9938167039;S
20240325;100108;1350.4;581;9938167040;S
20240325;100108;1350.4;1;9938167041;S
20240325;100108;1350.4;230;9938167042;S
20240325;100108;1350.4;370;9938167043;S
20240325;100108;1350.2;20;9938167044;S
20240325;100108;1350.2;2;9938167045;S
20240325;100108;1350.2;1;9938167046;S
20240325;100108;1350.2;5;9938167047;S
20240325;100108;1350.2;251;9938167048;S
20240325;100108;1352.4;58;9938167050;B
20240325;100108;1352.2;12;9938167051;B
20240325;100108;1353.8;58;9938167053;S
20240325;100108;1353.6;6;9938167054;S
20240325;100108;1353.6;58;9938167055;S
20240325;100108;1353.4;15;9938167064;S
20240325;100108;1353.4;7;9938167172;S
20240325;100109;1353.4;7;9938167205;S
20240325;100109;1353.4;29;9938167213;S
20240325;100109;1353.4;6;9938167214;S
20240325;100109;1353.2;58;9938167215;S
20240325;100109;1353;58;9938167216;S
20240325;100109;1353;27;9938167217;S
20240325;100109;1352.4;58;9938167218;B
20240325;100109;1352.4;194;9938167219;B
20240325;100109;1352.4;12;9938167220;B
20240325;100109;1352.2;10;9938167242;S
20240325;100109;1352.2;3;9938167251;S
20240325;100109;1353.4;15;9938167323;S
20240325;100109;1353.4;8;9938167374;S
20240325;100110;1354.2;2;9938167530;B
20240325;100110;1354.2;10;9938167561;B
20240325;100110;1354.6;40;9938167562;B
20240325;100110;1354.8;50;9938167563;B
20240325;100110;1354.2;50;9938167580;B
20240325;100110;1353.4;2;9938167588;S
20240325;100110;1353.4;33;9938167590;S
20240325;100110;1353.2;6;9938167591;S
20240325;100110;1353.2;58;9938167592;S
20240325;100110;1353.2;3;9938167593;S
20240325;100110;1353.2;12;9938167594;S
20240325;100110;1353;58;9938167595;S
20240325;100110;1353;27;9938167596;S
20240325;100110;1352;443;9938167597;S
20240325;100110;1352.8;12;9938167621;B
20240325;100111;1354.2;5;9938167777;B
20240325;100111;1352.8;9;9938167861;S
20240325;100111;1354.2;2;9938167968;B
20240325;100111;1354.2;43;9938167987;B
20240325;100111;1354.6;57;9938167988;B
20240325;100112;1352.8;49;9938168109;S
20240325;100112;1352.8;15;9938168110;S
20240325;100112;1352.6;58;9938168111;S
20240325;100112;1352.6;12;9938168112;S
20240325;100112;1352.4;58;9938168113;S
20240325;100112;1351.8;8;9938168114;S
20240325;100112;1353.2;1;9938168271;B
20240325;100112;1351.8;58;9938168283;S
20240325;100112;1351.8;133;9938168284;S
20240325;100112;1351.8;20;9938168285;S
20240325;100112;1352;58;9938168289;S
20240325;100112;1352;133;9938168290;S
20240325;100112;1352;12;9938168291;S
20240325;100112;1351.8;20;9938168292;S
20240325;100112;1351.8;48;9938168293;S
20240325;100112;1351.8;58;9938168294;S
20240325;100112;1351.6;58;9938168295;S
20240325;100112;1351;2;9938168296;S
20240325;100112;1350.4;600;9938168297;S
20240325;100112;1350.4;11;9938168298;S
20240325;100113;1352.6;1;9938168500;B
20240325;100113;1351.6;2;9938168573;S
20240325;100113;1353;5;9938168576;B
20240325;100113;1351.6;1;9938168654;S
20240325;100114;1353;7;9938168746;B
20240325;100114;1353;2;9938168747;B
20240325;100114;1353;1;9938168762;B
20240325;100114;1353;1;9938168831;B
20240325;100116;1352;2;9938169200;S
20240325;100117;1353.6;1;9938169577;B
20240325;100117;1353.6;2;9938169630;B
20240325;100118;1353.6;2;9938170040;B
20240325;100118;1352.4;58;9938170104;S
20240325;100118;1352.4;12;9938170105;S
20240325;100118;1352.4;122;9938170106;S
20240325;100119;1353.6;5;9938170110;B
20240325;100119;1354;1;9938170111;B
20240325;100119;1354;94;9938170112;B
20240325;100119;1353.8;12;9938170123;B
20240325;100119;1354;39;9938170124;B
20240325;100119;1354.2;49;9938170125;B
20240325;100119;1354.2;6;9938170194;B
20240325;100119;1354.2;2;9938170240;B
20240325;100119;1353;20;9938170317;S
20240325;100120;1353;1;9938170490;S
20240325;100120;1354;132;9938170506;B
20240325;100120;1354.2;96;9938170507;B
20240325;100120;1354.4;58;9938170508;B
20240325;100120;1354.4;14;9938170509;S
20240325;100120;1354.4;1;9938170632;B
20240325;100121;1354.4;1;9938170723;B
20240325;100121;1354.4;6;9938170732;B
20240325;100122;1354.4;2;9938171117;B
20240325;100122;1354.6;30;9938171189;B
20240325;100122;1354.6;12;9938171190;B
20240325;100122;1355;58;9938171191;B
20240325;100123;1354;1;9938171401;S
20240325;100123;1355.2;3;9938171613;B
20240325;100124;1355.2;20;9938171734;B
20240325;100124;1354.8;10;9938171799;S
20240325;100125;1355.2;3;9938171938;B
20240325;100125;1354.6;62;9938172023;S
20240325;100125;1355.2;1;9938172090;B
20240325;100126;1354.6;7;9938172229;S
20240325;100126;1355.2;10;9938172249;B
20240325;100126;1354.6;26;9938172369;S
20240325;100126;1354;9;9938172370;S
20240325;100126;1354;13;9938172371;S
20240325;100126;1354;37;9938172433;S
20240325;100126;1353.6;12;9938172434;S
20240325;100126;1353.6;13;9938172435;S
20240325;100128;1354.8;2;9938172848;B
20240325;100128;1354.8;130;9938172890;B
20240325;100128;1355;12;9938172891;B
20240325;100128;1355;59;9938172892;B
20240325;100128;1355.2;22;9938172893;B
20240325;100128;1355.4;11;9938172894;B
20240325;100129;1354.8;27;9938173102;B
20240325;100130;1354.6;1;9938173370;B
20240325;100131;1354.6;2;9938173725;B
20240325;100132;1354.6;23;9938173812;B
20240325;100132;1354.6;25;9938173944;B
20240325;100132;1354;2;9938173984;S
20240325;100132;1354.6;2;9938173998;B
20240325;100133;1354;48;9938174072;S
20240325;100133;1353.6;12;9938174073;S
20240325;100133;1353.6;10;9938174074;S
20240325;100133;1354.4;5;9938174106;B
20240325;100134;1354.4;3;9938174352;B
20240325;100135;1354.4;2;9938174405;B
20240325;100136;1354;20;9938174767;S
20240325;100136;1353.6;2;9938174768;S
20240325;100136;1353.6;8;9938174769;S
20240325;100137;1354;100;9938174997;S
20240325;100137;1354;2;9938175012;B
20240325;100137;1353.4;7;9938175017;S
20240325;100137;1353.8;1;9938175133;S
20240325;100137;1354;158;9938175136;B
20240325;100137;1354;10;9938175137;B
20240325;100137;1353.8;12;9938175153;S
20240325;100137;1353.6;17;9938175154;S
20240325;100138;1354.6;1;9938175530;B
20240325;100140;1354.6;1;9938175834;B
20240325;100140;1354.4;143;9938175853;S
20240325;100140;1354.4;4;9938175902;B
20240325;100140;1353.4;52;9938175909;S
20240325;100140;1353.4;12;9938175910;S
20240325;100140;1353.2;46;9938175911;S
20240325;100141;1354;2;9938175943;B
20240325;100141;1353.6;149;9938176071;B
20240325;100141;1354;6;9938176080;B
20240325;100142;1354;1;9938176105;B
20240325;100142;1354;1;9938176232;B
20240325;100142;1353.8;15;9938176291;S
20240325;100143;1354;1;9938176386;B
20240325;100143;1354;19;9938176471;B
20240325;100143;1354;1;9938176472;B
20240325;100143;1354.2;4;9938176473;B
20240325;100144;1354.2;1;9938176636;B
20240325;100144;1354;3;9938176687;B
20240325;100144;1354;30;9938176704;B
20240325;100145;1354;1;9938176786;B
20240325;100145;1354;4;9938176889;B
20240325;100145;1353.8;5;9938176985;S
20240325;100145;1353.8;25;9938176986;S
20240325;100145;1354.2;5;9938177032;B
20240325;100145;1354.6;2;9938177033;B
20240325;100146;1354.4;1;9938177043;B
20240325;100146;1354.4;3;9938177349;B
20240325;100147;1354.4;8;9938177462;B
20240325;100147;1354.6;14;9938177463;B
20240325;100147;1353.8;10;9938177476;S
20240325;100148;1354.6;1;9938177639;B
20240325;100148;1353.8;41;9938177712;S
20240325;100148;1353.6;20;9938177713;S
20240325;100148;1353.6;223;9938177714;S
20240325;100148;1353.6;12;9938177715;S
20240325;100148;1353.4;5;9938177716;S
20240325;100149;1354.4;20;9938178218;B
20240325;100150;1354.6;2;9938178358;B
20240325;100150;1354.6;1;9938178365;B
20240325;100151;1354;54;9938178744;S
20240325;100151;1354;2;9938178852;S
20240325;100152;1354.6;50;9938179000;B
20240325;100152;1354;10;9938179031;S
20240325;100152;1354.6;50;9938179063;B
20240325;100153;1354.6;7;9938179245;B
20240325;100154;1354.6;1;9938179390;B
20240325;100154;1354.4;20;9938179514;B
20240325;100155;1354.6;10;9938179656;B
20240325;100155;1354.2;1;9938179769;S
20240325;100155;1354.6;3;9938179879;B
20240325;100156;1354.6;5;9938179908;B
20240325;100156;1354.6;1;9938180054;B
20240325;100156;1354.6;2;9938180153;B
20240325;100157;1354.2;222;9938180168;S
20240325;100157;1354;34;9938180169;S
20240325;100157;1354;100;9938180170;S
20240325;100157;1353.8;12;9938180171;S
20240325;100157;1353.8;40;9938180172;S
20240325;100157;1353.8;122;9938180173;S
20240325;100157;1353.8;20;9938180365;S
20240325;100157;1353.8;10;9938180366;S
20240325;100157;1353.8;70;9938180367;S
20240325;100157;1353.8;3;9938180410;S
20240325;100158;1354.6;100;9938180465;B
20240325;100158;1354.6;5;9938180523;B
20240325;100158;1353.8;10;9938180524;S
20240325;100158;1354.6;1;9938180677;B
20240325;100158;1354.6;2;9938180683;B
20240325;100159;1353.8;13;9938180707;S
20240325;100159;1354.2;15;9938180793;B
20240325;100159;1353.8;114;9938180840;S
20240325;100159;1353.8;223;9938180841;S
20240325;100159;1353.6;59;9938180842;S
20240325;100159;1353.4;54;9938180843;S
20240325;100159;1353.4;408;9938180844;S
20240325;100200;1354;1;9938180964;B
20240325;100202;1354.2;21;9938181515;B
20240325;100202;1354.4;12;9938181516;B
20240325;100202;1354.4;22;9938181517;B
20240325;100202;1354.4;15;9938181518;B
20240325;100202;1353.8;10;9938181611;S
20240325;100203;1354;20;9938181904;B
20240325;100203;1354.4;11;9938181905;B
20240325;100203;1354.6;43;9938181906;B
20240325;100203;1354.6;113;9938181907;B
20240325;100203;1353.8;10;9938181955;S
20240325;100204;1354;2;9938182182;B
20240325;100204;1353.8;100;9938182189;S
20240325;100205;1354;10;9938182499;B
20240325;100206;1354;1;9938182544;B
20240325;100207;1354;9;9938182932;B
20240325;100208;1354.6;40;9938183234;B
20240325;100209;1354.6;57;9938183512;B
20240325;100209;1354.8;1;9938183513;B
20240325;100209;1354.8;42;9938183514;B
20240325;100209;1354.2;180;9938183517;S
20240325;100209;1354.6;50;9938183519;S
20240325;100209;1354.8;1;9938183546;B
20240325;100210;1354;1;9938183591;S
20240325;100210;1354;65;9938183592;S
20240325;100210;1354;22;9938183593;S
20240325;100210;1353.8;1;9938183594;S
20240325;100210;1353.8;12;9938183595;S
20240325;100210;1353.8;210;9938183596;S
20240325;100210;1353.8;60;9938183597;S
20240325;100210;1353.8;223;9938183598;S
20240325;100210;1353.6;53;9938183599;S
20240325;100210;1354.6;10;9938183612;B
20240325;100210;1354;1;9938183751;S
20240325;100210;1354.6;2;9938183828;B
20240325;100210;1354.8;8;9938183829;B
20240325;100211;1353.8;10;9938183945;S
20240325;100211;1354.8;1;9938184011;B
20240325;100211;1354.8;7;9938184060;B
20240325;100211;1354.8;7;9938184061;B
20240325;100211;1354.8;59;9938184098;B
20240325;100211;1355;59;9938184099;B
20240325;100211;1355;2;9938184100;B
20240325;100211;1355;10;9938184101;B
20240325;100211;1355;1;9938184102;B
20240325;100211;1355;22;9938184103;B
20240325;100211;1355;9;9938184104;B
20240325;100211;1355.2;59;9938184105;B
20240325;100211;1355.2;2;9938184106;B
20240325;100211;1354.2;12;9938184115;S
20240325;100211;1354;78;9938184116;S
20240325;100212;1354.8;10;9938184193;B
20240325;100213;1354.8;1;9938184418;B
20240325;100213;1354.8;1;9938184530;B
20240325;100213;1355;59;9938184531;B
20240325;100213;1355;14;9938184532;B
20240325;100213;1355;1;9938184533;B
20240325;100214;1355;3;9938184576;B
20240325;100214;1354.4;11;9938184736;S
20240325;100215;1354;3;9938185060;S
20240325;100217;1354.4;1;9938185332;B
20240325;100217;1354.4;1;9938185333;B
20240325;100217;1354;1;9938185460;S
20240325;100218;1354;8;9938185586;S
20240325;100218;1353.8;21;9938185587;S
20240325;100218;1353.6;18;9938185588;S
20240325;100218;1353.6;4;9938185741;S
20240325;100218;1353.6;7;9938185742;S
20240325;100218;1353.6;59;9938185743;S
20240325;100218;1353.6;27;9938185744;S
20240325;100218;1353.4;3;9938185745;S
20240325;100218;1353.6;10;9938185769;S
20240325;100218;1354;12;9938185815;B
20240325;100218;1354;21;9938185816;B
20240325;100218;1354.2;17;9938185817;B
20240325;100219;1354.6;2;9938185924;B
20240325;100221;1353.6;1;9938186376;S
20240325;100222;1354;73;9938186549;B
20240325;100222;1354;2;9938186570;B
20240325;100222;1354;5;9938186685;B
20240325;100222;1354;10;9938186709;B
20240325;100222;1354;1;9938186712;B
20240325;100223;1354;21;9938186891;B
20240325;100223;1354;79;9938186892;B
20240325;100223;1354;30;9938186896;B
20240325;100224;1353.8;4;9938187121;S
20240325;100224;1353.6;48;9938187122;S
20240325;100224;1353.6;21;9938187123;S
20240325;100224;1353.4;37;9938187124;S
20240325;100224;1354;20;9938187208;B
20240325;100224;1354.2;8;9938187209;B
20240325;100224;1354.2;6;9938187210;B
20240325;100225;1354;2;9938187241;S
20240325;100225;1354.4;8;9938187467;B
20240325;100226;1354;2;9938187535;S
20240325;100227;1354.4;6;9938187776;B
20240325;100228;1354;1;9938187982;S
20240325;100228;1354.4;2;9938188020;B
20240325;100229;1354.4;1;9938188134;B
20240325;100229;1354;3;9938188269;S
20240325;100229;1354.4;1;9938188283;B
20240325;100230;1354;92;9938188408;S
20240325;100230;1354;74;9938188409;S
20240325;100230;1353.8;12;9938188420;S
20240325;100230;1353.8;10;9938188421;S
20240325;100230;1353.8;32;9938188422;S
20240325;100230;1354.2;1;9938188533;B
20240325;100231;1354.2;8;9938188586;B
20240325;100231;1354.2;10;9938188768;B
20240325;100232;1354;3;9938188857;S
20240325;100233;1354;10;9938189076;B
20240325;100234;1354;3;9938189272;B
20240325;100234;1353.8;8;9938189293;S
20240325;100234;1353.8;5;9938189353;S
20240325;100234;1354.4;5;9938189393;B
20240325;100235;1354;1;9938189446;S
20240325;100235;1354.4;1;9938189458;B
20240325;100236;1354.4;1;9938189775;B
20240325;100236;1354;25;9938189810;S
20240325;100238;1354.2;21;9938190302;B
20240325;100238;1354.4;43;9938190303;B
20240325;100238;1354.4;12;9938190304;B
20240325;100238;1354.4;24;9938190305;B
20240325;100239;1354.2;2;9938190506;B
20240325;100239;1354.4;2;9938190624;B
20240325;100239;1354;1;9938190640;S
20240325;100240;1354;24;9938190660;S
20240325;100240;1354;49;9938190752;S
20240325;100240;1354;1;9938190753;S
20240325;100240;1353.8;1;9938190762;S
20240325;100241;1354.2;3;9938191095;B
20240325;100241;1354;2;9938191181;S
20240325;100242;1354.2;20;9938191420;B
20240325;100242;1354.2;30;9938191421;B
20240325;100242;1354.2;1;9938191445;B
20240325;100243;1354.2;10;9938191504;B
20240325;100243;1354;3;9938191512;S
20240325;100243;1353.8;28;9938191513;S
20240325;100243;1354.4;46;9938191518;B
20240325;100243;1354.4;3;9938191519;B
20240325;100243;1354.4;61;9938191520;B
20240325;100243;1354.4;1;9938191628;B
20240325;100243;1354.4;60;9938191713;B
20240325;100244;1354.4;1;9938191925;B
20240325;100245;1353.8;16;9938192064;S
20240325;100246;1354.4;3;9938192383;B
20240325;100246;1354.4;70;9938192411;B
20240325;100246;1354.4;1;9938192412;B
20240325;100246;1354.6;2;9938192413;B
20240325;100246;1354;3;9938192481;S
20240325;100246;1354.4;97;9938192502;B
20240325;100246;1354.6;3;9938192503;B
20240325;100246;1354.6;1;9938192536;B
20240325;100247;1354;16;9938192560;S
20240325;100248;1354.2;55;9938192961;B
20240325;100248;1354.2;4;9938193023;B
20240325;100249;1354.2;50;9938193136;B
20240325;100250;1354;1;9938193297;B
20240325;100250;1354;11;9938193298;B
20240325;100250;1354;71;9938193327;B
20240325;100250;1354;1;9938193367;B
20240325;100250;1354;3;9938193368;B
20240325;100250;1354;4;9938193419;B
20240325;100250;1354;1;9938193437;B
20240325;100251;1353.8;30;9938193556;S
20240325;100251;1353.8;1;9938193557;S
20240325;100251;1353.8;10;9938193558;S
20240325;100253;1353.6;6;9938194124;S
20240325;100253;1354;26;9938194213;B
20240325;100253;1354;5;9938194214;B
20240325;100253;1354;2;9938194215;B
20240325;100253;1354;17;9938194216;B
20240325;100253;1353.6;2;9938194307;S
20240325;100254;1353.8;13;9938194417;B
20240325;100254;1353.8;79;9938194493;B
20240325;100255;1353.8;1;9938194527;B
20240325;100256;1353.8;3;9938194704;B
20240325;100256;1353.8;3;9938194788;B
20240325;100256;1353.8;5;9938194945;B
20240325;100257;1353.8;2;9938195009;B
20240325;100257;1353.8;1;9938195060;B
20240325;100258;1353.8;19;9938195292;B
20240325;100259;1353.8;15;9938195458;B
20240325;100259;1353.8;159;9938195502;B
20240325;100259;1354;32;9938195503;B
20240325;100259;1354;5;9938195504;B
20240325;100259;1354.2;23;9938195505;B
20240325;100300;1354.2;3;9938195582;B
20240325;100301;1354;3;9938195797;S
20240325;100301;1353.8;10;9938195798;S
20240325;100301;1353.8;10;9938195799;S
20240325;100301;1353.8;7;9938195800;S
20240325;100302;1354;3;9938196003;B
20240325;100303;1353.8;216;9938196141;S
20240325;100303;1353.8;21;9938196142;S
20240325;100303;1353.6;10;9938196143;S
20240325;100303;1353.6;1;9938196144;S
20240325;100303;1353.6;32;9938196145;S
20240325;100303;1353.6;20;9938196146;S
20240325;100303;1354;3;9938196335;B
20240325;100305;1354.2;1;9938196761;B
20240325;100306;1354;24;9938196911;B
20240325;100306;1354;5;9938196912;B
20240325;100306;1354;1;9938197050;B
20240325;100306;1353.8;5;9938197078;S
20240325;100307;1353.8;6;9938197123;S
20240325;100307;1353.8;2;9938197181;S
20240325;100309;1353.8;3;9938197507;S
20240325;100309;1354;208;9938197589;B
20240325;100309;1354.2;7;9938197590;B
20240325;100311;1354.6;2;9938197885;B
20240325;100311;1354.4;21;9938197923;S
20240325;100311;1354.2;95;9938197924;S
20240325;100312;1354.6;1;9938198210;B
20240325;100312;1354.2;128;9938198213;S
20240325;100312;1354;132;9938198214;S
20240325;100312;1354;12;9938198215;S
20240325;100312;1354;8;9938198216;S
20240325;100313;1354.6;1;9938198457;B
20240325;100314;1354;30;9938198564;S
20240325;100314;1354;2;9938198634;S
20240325;100315;1354.6;11;9938198929;B
20240325;100315;1354.6;27;9938198930;B
20240325;100317;1354.6;1;9938199345;B
20240325;100317;1354.6;50;9938199422;B
20240325;100318;1354.6;6;9938199663;B
20240325;100319;1354.6;8;9938199755;B
20240325;100319;1354.6;1;9938199785;B
20240325;100319;1354.2;15;9938199912;S
20240325;100320;1354.2;74;9938199962;S
20240325;100320;1354;4;9938199987;S
20240325;100321;1354;1;9938200242;S
20240325;100321;1354;15;9938200271;S
20240325;100322;1354.6;2;9938200495;B
20240325;100323;1354.2;1;9938201138;S
20240325;100323;1354.2;10;9938201139;S
20240325;100323;1354.2;1;9938201140;S
20240325;100323;1354;3;9938201159;S
20240325;100323;1354.2;2;9938201168;B
20240325;100324;1354;8;9938201244;S
20240325;100324;1354.6;22;9938201265;B
20240325;100324;1354;10;9938201291;S
20240325;100324;1354.6;4;9938201400;B
20240325;100325;1354;4;9938201484;S
20240325;100325;1354;10;9938201590;S
20240325;100325;1354.6;4;9938201652;B
20240325;100325;1354;5;9938201658;S
20240325;100326;1354.6;1;9938201851;B
20240325;100327;1354.6;1;9938201941;B
20240325;100328;1354.6;1;9938202103;B
20240325;100328;1354.6;80;9938202134;B
20240325;100328;1354;131;9938202251;S
20240325;100328;1354;11;9938202252;S
20240325;100329;1354;7;9938202337;S
20240325;100329;1354.6;2;9938202428;B
20240325;100329;1354.6;31;9938202429;B
20240325;100330;1354;6;9938202531;S
20240325;100330;1354.6;1;9938202593;B
20240325;100330;1354.6;50;9938202644;B
20240325;100330;1354.2;145;9938202649;S
20240325;100330;1354.6;1;9938202660;B
20240325;100332;1354.6;1;9938203044;B
20240325;100333;1354.2;1;9938203273;S
20240325;100333;1354.6;1;9938203325;B
20240325;100333;1354;6;9938203362;S
20240325;100333;1354.6;2;9938203367;B
20240325;100333;1354.6;10;9938203368;B
20240325;100334;1354.6;9;9938203589;B
20240325;100334;1354.6;60;9938203590;B
20240325;100334;1354.8;7;9938203591;B
20240325;100334;1354.8;24;9938203592;B
20240325;100334;1354.8;120;9938203729;B
20240325;100336;1354.6;13;9938204121;B
20240325;100336;1354.8;6;9938204122;B
20240325;100336;1354.8;1;9938204123;B
20240325;100336;1354.8;9;9938204162;B
20240325;100336;1355;6;9938204163;B
20240325;100337;1355;1;9938204173;B
20240325;100337;1355;19;9938204174;B
20240325;100337;1355;4;9938204259;B
20240325;100337;1354.4;4;9938204288;S
20240325;100338;1354.8;1;9938204401;B
20240325;100338;1354.8;3;9938204553;B
20240325;100338;1355;4;9938204554;B
20240325;100338;1355;2;9938204637;B
20240325;100338;1355;5;9938204638;B
20240325;100338;1355;14;9938204639;B
20240325;100338;1355;49;9938204640;B
20240325;100339;1355;2;9938204761;B
20240325;100339;1355;4;9938204842;B
20240325;100340;1354.6;1;9938204929;S
20240325;100340;1354.4;8;9938204930;S
20240325;100340;1354.4;5;9938204931;S
20240325;100340;1354.2;1;9938204943;S
20240325;100342;1355;4;9938205364;B
20240325;100342;1355;8;9938205365;B
20240325;100342;1355.2;2;9938205453;B
20240325;100342;1355.2;18;9938205510;B
20240325;100342;1355;16;9938205565;B
20240325;100343;1354.6;10;9938205677;S
20240325;100343;1354.4;3;9938205678;S
20240325;100344;1355;25;9938205766;B
20240325;100344;1355;2;9938205900;B
20240325;100344;1354.6;25;9938205935;B
20240325;100346;1354.6;100;9938206261;B
20240325;100346;1354.6;1;9938206290;B
20240325;100347;1354.2;1;9938206426;S
20240325;100347;1354.6;10;9938206428;B
20240325;100347;1354.6;7;9938206533;B
20240325;100349;1354.4;67;9938206910;B
20240325;100350;1354.2;5;9938207065;S
20240325;100350;1354.2;45;9938207098;S
20240325;100350;1354.2;45;9938207137;S
20240325;100350;1354.4;3;9938207346;B
20240325;100350;1354.4;1;9938207461;B
20240325;100351;1354.2;2;9938207525;S
20240325;100351;1354.4;2;9938207574;B
20240325;100351;1354.4;1;9938207629;B
20240325;100352;1354.2;1;9938207877;S
20240325;100353;1354.2;50;9938208049;S
20240325;100353;1354.4;1;9938208059;B
20240325;100353;1354.4;20;9938208090;B
20240325;100355;1354.4;1;9938208340;B
20240325;100355;1354.4;4;9938208363;B
20240325;100355;1354.4;6;9938208364;B
20240325;100355;1354.6;10;9938208365;B
20240325;100356;1354.6;48;9938208591;B
20240325;100358;1354.6;1;9938208860;B
20240325;100358;1354.2;10;9938208885;S
20240325;100359;1354.6;1;9938209155;B
20240325;100359;1354.6;10;9938209302;B
20240325;100400;1354.6;5;9938209553;B
20240325;100401;1354.6;1;9938209668;B
20240325;100401;1354.6;1;9938209711;B
20240325;100402;1354.6;5;9938209825;B
20240325;100402;1354.6;1;9938209840;B
20240325;100403;1354.6;1;9938210262;B
20240325;100404;1354.2;2;9938210293;S
20240325;100404;1354.2;6;9938210294;S
20240325;100404;1354.6;1;9938210340;B
20240325;100404;1354.2;20;9938210422;S
20240325;100404;1354.6;1;9938210445;B
20240325;100404;1354.6;10;9938210496;B
20240325;100404;1354.6;2;9938210498;B
20240325;100405;1354.6;30;9938210694;B
20240325;100407;1354.4;30;9938211052;S
20240325;100407;1354.4;1;9938211102;S
20240325;100408;1354.6;1;9938211440;B
20240325;100409;1354.6;73;9938211444;B
20240325;100409;1354.6;9;9938211499;B
20240325;100409;1354.4;1;9938211565;S
20240325;100409;1354.4;1;9938211625;S
20240325;100409;1354.2;11;9938211626;S
20240325;100410;1354.6;2;9938211958;B
20240325;100414;1354.6;1;9938212818;B
20240325;100415;1354.4;20;9938212996;S
20240325;100415;1354.4;80;9938212997;S
20240325;100415;1354.6;18;9938213022;B
20240325;100416;1354.6;9;9938213172;B
20240325;100416;1354.4;2;9938213190;S
20240325;100416;1354.4;2;9938213191;S
20240325;100416;1354.4;1;9938213192;S
20240325;100416;1354.2;10;9938213193;S
20240325;100418;1354.4;1;9938213604;S
20240325;100418;1354.4;132;9938213605;S
20240325;100419;1354.4;5;9938213645;B
20240325;100419;1354.4;1;9938213774;B
20240325;100420;1354.4;50;9938213987;B
20240325;100420;1354.6;242;9938213988;B
20240325;100420;1354.6;4;9938213990;B
20240325;100420;1354.6;1;9938213991;B
20240325;100420;1354.6;1;9938214070;B
20240325;100421;1354.6;5;9938214092;B
20240325;100421;1354.6;1;9938214108;B
20240325;100421;1354.6;1;9938214144;B
20240325;100421;1354.2;25;9938214434;S
20240325;100422;1354.2;1;9938214581;S
20240325;100423;1354.2;130;9938214695;S
20240325;100423;1354.6;5;9938214708;B
20240325;100424;1354.6;5;9938214959;B
20240325;100424;1354.4;3;9938215069;S
20240325;100425;1354.4;1;9938215251;S
20240325;100425;1354.6;10;9938215276;B
20240325;100425;1354.4;1;9938215283;S
20240325;100425;1354.6;1;9938215305;B
20240325;100425;1354.6;70;9938215306;B
20240325;100425;1354.6;5;9938215328;B
20240325;100426;1354.6;2;9938215340;B
20240325;100426;1354.4;6;9938215426;S
20240325;100426;1354.4;10;9938215470;S
20240325;100428;1354.6;4;9938215734;B
20240325;100428;1354.6;30;9938215762;B
20240325;100429;1354.6;1;9938215822;B
20240325;100429;1354.6;3;9938215871;B
20240325;100429;1354.6;2;9938215908;B
20240325;100430;1354.6;1;9938215952;B
20240325;100430;1354.6;25;9938215972;B
20240325;100430;1354.6;1;9938215979;B
20240325;100430;1354.4;5;9938216000;S
20240325;100430;1354.6;7;9938216128;B
20240325;100431;1354.4;15;9938216227;S
20240325;100432;1354.6;1;9938216424;B
20240325;100432;1354.4;1;9938216425;S
20240325;100432;1354.4;1;9938216450;S
20240325;100432;1354.4;22;9938216479;S
20240325;100432;1354.4;12;9938216485;S
20240325;100435;1354.6;2;9938216986;B
20240325;100435;1354.6;1;9938217019;B
20240325;100435;1354.6;6;9938217038;B
20240325;100436;1354.4;3;9938217280;S
20240325;100437;1354.6;1;9938217407;B
20240325;100437;1354.6;1;9938217627;B
20240325;100437;1354.4;1;9938217639;S
20240325;100438;1354.6;11;9938217660;B
20240325;100438;1354.6;2;9938217704;B
20240325;100438;1354.6;1;9938217754;B
20240325;100438;1354.4;8;9938217787;S
20240325;100439;1354.6;2;9938217822;B
20240325;100439;1354.4;1;9938217846;S
20240325;100439;1354.6;25;9938217853;B
20240325;100439;1354.6;4;9938217883;B
20240325;100439;1354.6;1;9938217918;B
20240325;100440;1354.6;1;9938218117;B
20240325;100441;1354.6;1;9938218275;B
20240325;100441;1354.4;6;9938218369;S
20240325;100442;1354.6;28;9938218413;B
20240325;100442;1354.6;28;9938218438;B
20240325;100442;1354.6;73;9938218492;B
20240325;100442;1354.6;90;9938218493;B
20240325;100442;1354.6;10;9938218494;B
20240325;100442;1354.6;1;9938218495;B
20240325;100442;1354.8;10;9938218496;B
20240325;100442;1355;57;9938218497;B
20240325;100442;1355;20;9938218498;B
20240325;100442;1355;10;9938218499;B
20240325;100442;1355;100;9938218500;B
20240325;100442;1355;113;9938218501;B
20240325;100442;1355;191;9938218502;B
20240325;100442;1355;14;9938218614;B
20240325;100442;1355;100;9938218666;B
20240325;100443;1354.8;1;9938218725;S
20240325;100445;1355;1;9938219030;B
20240325;100445;1354.8;5;9938219082;S
20240325;100445;1355;1;9938219151;B
20240325;100446;1355;1;9938219251;B
20240325;100446;1355;3;9938219295;B
20240325;100446;1355;20;9938219309;B
20240325;100446;1355;1;9938219321;B
20240325;100447;1355;1;9938219424;B
20240325;100447;1355;1;9938219566;B
20240325;100448;1355;1;9938219652;B
20240325;100448;1355;1;9938219720;B
20240325;100448;1355;1254;9938219723;B
20240325;100448;1355;100;9938219724;S
20240325;100448;1355;100;9938219725;S
20240325;100448;1355.2;8;9938219726;B
20240325;100449;1355.2;2;9938219826;B
20240325;100449;1355.2;18;9938219827;B
20240325;100449;1355.2;38;9938219858;B
20240325;100449;1355;20;9938219873;S
20240325;100449;1355.2;7;9938219892;B
20240325;100449;1355.2;7;9938220008;B
20240325;100449;1355.2;2;9938220009;B
20240325;100449;1355.4;59;9938220010;B
20240325;100449;1355.4;132;9938220011;B
20240325;100450;1355.4;100;9938220074;B
20240325;100450;1355.4;1;9938220120;B
20240325;100451;1355.4;20;9938220500;B
20240325;100453;1355.4;1;9938220808;B
20240325;100454;1355.4;8;9938220940;B
20240325;100458;1355.2;10;9938221871;S
20240325;100459;1355.4;40;9938222023;B
20240325;100500;1355.4;1;9938222222;B
20240325;100500;1355.4;2;9938222332;B
20240325;100501;1355.4;5;9938222380;B
20240325;100501;1355.4;98;9938222444;B
20240325;100502;1355.4;270;9938222571;B
20240325;100502;1355.4;5;9938222592;B
20240325;100502;1355.4;2;9938222615;B
20240325;100502;1355.4;2;9938222639;B
20240325;100502;1355.4;3;9938222681;B
20240325;100502;1355.4;12;9938222699;B
20240325;100502;1355.4;12;9938222704;B
20240325;100502;1355.4;4;9938222851;B
20240325;100503;1355.4;100;9938222899;B
20240325;100503;1355.4;10;9938223055;B
20240325;100505;1355.4;7;9938223471;B
20240325;100505;1355.4;2;9938223498;B
20240325;100505;1355.4;188;9938223540;B
20240325;100505;1355.4;132;9938223541;B
20240325;100505;1355.6;20;9938223542;B
20240325;100505;1355.6;59;9938223543;B
20240325;100505;1355.6;200;9938223544;B
20240325;100505;1355.6;9;9938223545;B
20240325;100505;1355.6;29;9938223546;B
20240325;100505;1355.8;100;9938223547;B
20240325;100505;1355.8;59;9938223548;B
20240325;100505;1356;2;9938223549;B
20240325;100505;1356;3;9938223550;B
20240325;100505;1356;128;9938223551;B
20240325;100505;1356;59;9938223552;B
20240325;100505;1356;3;9938223553;B
20240325;100505;1356.2;120;9938223554;B
20240325;100505;1356.2;298;9938223555;B
20240325;100505;1356.4;7;9938223556;B
20240325;100505;1356.4;3;9938223557;B
20240325;100505;1356.4;286;9938223558;B
20240325;100505;1356.4;1000;9938223559;B
20240325;100505;1356.4;40;9938223560;B
20240325;100505;1356.6;942;9938223561;B
20240325;100505;1356;3;9938223676;B
20240325;100505;1356.2;11;9938223677;B
20240325;100506;1355.4;12;9938223754;S
20240325;100506;1355.4;29;9938223755;S
20240325;100506;1355.2;60;9938223756;S
20240325;100507;1356;12;9938223916;B
20240325;100507;1356.2;121;9938223917;B
20240325;100507;1356.4;17;9938223918;B
20240325;100507;1355.4;12;9938223999;S
20240325;100507;1355.2;153;9938224000;S
20240325;100507;1355.2;210;9938224001;S
20240325;100507;1355.2;298;9938224002;S
20240325;100507;1355;526;9938224003;S
20240325;100507;1355;1;9938224004;S
20240325;100507;1355;1;9938224005;S
20240325;100507;1355;1;9938224006;S
20240325;100507;1355;7;9938224007;S
20240325;100507;1355;59;9938224008;S
20240325;100507;1355;40;9938224009;S
20240325;100507;1355;1;9938224010;S
20240325;100507;1355;5;9938224011;S
20240325;100507;1355;132;9938224012;S
20240325;100507;1355;60;9938224013;S
20240325;100507;1354.8;1;9938224014;S
20240325;100507;1354.8;11;9938224015;S
20240325;100507;1354.8;1;9938224016;S
20240325;100507;1354.8;25;9938224017;S
20240325;100507;1354.8;59;9938224018;S
20240325;100507;1354.6;1;9938224019;S
20240325;100507;1354.6;59;9938224020;S
20240325;100507;1354.6;600;9938224021;S
20240325;100507;1354.4;1;9938224022;S
20240325;100507;1354.4;193;9938224023;S
20240325;100507;1354.4;10;9938224024;S
20240325;100507;1354.4;10;9938224025;S
20240325;100507;1354.4;3;9938224026;S
20240325;100507;1354.4;2;9938224027;S
20240325;100507;1354.4;2;9938224028;S
20240325;100507;1354.4;3;9938224029;S
20240325;100507;1354.4;3;9938224030;S
20240325;100507;1354.4;2;9938224031;S
20240325;100507;1354.4;1;9938224032;S
20240325;100507;1354.4;750;9938224033;S
20240325;100507;1354.2;13;9938224034;S
20240325;100507;1354.2;28;9938224035;S
20240325;100507;1354.2;5;9938224036;S
20240325;100507;1354.2;1;9938224037;S
20240325;100507;1354.2;210;9938224038;S
20240325;100508;1355.4;1;9938224175;B
20240325;100509;1355.8;26;9938224351;B
20240325;100510;1355.8;10;9938224564;B
20240325;100510;1355.4;5;9938224638;S
20240325;100510;1355.4;15;9938224639;S
20240325;100510;1355.2;8;9938224640;S
20240325;100514;1355.2;10;9938225249;B
20240325;100514;1355.2;13;9938225324;B
20240325;100514;1355.2;13;9938225325;B
20240325;100515;1355.2;11;9938225540;B
20240325;100515;1355.2;1;9938225541;B
20240325;100515;1355.4;5;9938225542;B
20240325;100515;1355.4;29;9938225543;B
20240325;100515;1355.4;103;9938225544;B
20240325;100516;1355.8;10;9938225736;B
20240325;100516;1355.8;1;9938225774;B
20240325;100516;1355.8;49;9938225775;B
20240325;100517;1355.8;1;9938225835;B
20240325;100517;1355.8;122;9938225914;B
20240325;100517;1355.8;1;9938225955;B
20240325;100518;1355.8;2;9938225987;B
20240325;100518;1355.8;3;9938226035;B
20240325;100518;1355.4;1;9938226039;S
20240325;100518;1355.8;12;9938226062;B
20240325;100519;1355.8;1;9938226192;B
20240325;100519;1355.8;1;9938226205;B
20240325;100520;1355.8;7;9938226422;B
20240325;100520;1355.4;10;9938226466;S
20240325;100520;1355.4;11;9938226467;S
20240325;100520;1355.2;29;9938226468;S
20240325;100520;1355.2;12;9938226469;S
20240325;100520;1355.2;3;9938226470;S
20240325;100520;1355;1;9938226471;S
20240325;100520;1355;24;9938226472;S
20240325;100520;1355;1;9938226473;S
20240325;100520;1355;9;9938226474;S
20240325;100521;1355.2;2;9938226739;B
20240325;100521;1355.2;3;9938226851;B
20240325;100521;1355.6;29;9938226852;B
20240325;100522;1355.6;10;9938226892;B
20240325;100522;1355.8;11;9938226893;B
20240325;100522;1355.8;5;9938226894;B
20240325;100522;1355;27;9938227049;S
20240325;100523;1355.8;1;9938227093;B
20240325;100523;1355.4;30;9938227197;S
20240325;100523;1355.8;5;9938227303;B
20240325;100524;1355;1;9938227458;S
20240325;100524;1355.8;1;9938227561;B
20240325;100526;1355.8;10;9938228060;B
20240325;100526;1355.2;12;9938228158;S
20240325;100527;1355.2;138;9938228269;B
20240325;100527;1355.6;50;9938228270;B
20240325;100527;1355.6;28;9938228271;B
20240325;100527;1355.8;123;9938228272;B
20240325;100527;1356;59;9938228273;B
20240325;100527;1356;1;9938228274;B
20240325;100527;1356;132;9938228275;B
20240325;100527;1356.2;59;9938228276;B
20240325;100527;1356.4;42;9938228277;B
20240325;100527;1356.4;6;9938228278;B
20240325;100527;1356.6;58;9938228279;B
20240325;100527;1356.6;40;9938228280;B
20240325;100527;1356.6;298;9938228281;B
20240325;100527;1356.8;900;9938228282;B
20240325;100527;1356.8;600;9938228283;B
20240325;100527;1356.8;200;9938228284;B
20240325;100527;1356.8;60;9938228285;B
20240325;100527;1357;2;9938228286;B
20240325;100527;1357;5;9938228287;B
20240325;100527;1357;1;9938228288;B
20240325;100527;1357;18;9938228289;B
20240325;100527;1357;80;9938228290;B
20240325;100527;1357;50;9938228291;B
20240325;100527;1357;500;9938228292;B
20240325;100527;1357;231;9938228293;B
20240325;100527;1356.8;4;9938228366;B
20240325;100528;1356.8;2;9938228429;B
20240325;100528;1356.8;12;9938228482;B
20240325;100528;1356.8;2;9938228512;B
20240325;100531;1355.8;1;9938229004;B
20240325;100531;1356;2;9938229005;B
20240325;100533;1356;1;9938229391;B
20240325;100534;1355.8;14;9938229659;S
20240325;100534;1355.4;12;9938229660;S
20240325;100534;1355.4;10;9938229661;S
20240325;100534;1355.4;8;9938229662;S
20240325;100534;1355.4;2;9938229663;S
20240325;100534;1355.2;4;9938229664;S
20240325;100534;1355.8;5;9938229732;B
20240325;100534;1355.8;3;9938229772;B
20240325;100535;1355.8;3;9938229924;B
20240325;100536;1355.8;1;9938230086;B
20240325;100536;1356;499;9938230087;B
20240325;100537;1356;2;9938230464;B
20240325;100537;1356;286;9938230554;B
20240325;100538;1355.6;2;9938230630;S
20240325;100539;1356;4;9938230790;B
20240325;100539;1356;1;9938230798;B
20240325;100540;1356;1;9938230924;B
20240325;100540;1356;3;9938230940;B
20240325;100541;1356;2;9938231098;B
20240325;100542;1356;1;9938231223;B
20240325;100542;1356;8;9938231236;B
20240325;100542;1356;1;9938231375;B
20240325;100543;1356;1;9938231387;B
20240325;100543;1356;20;9938231389;B
20240325;100543;1356;1;9938231390;B
20240325;100543;1356;50;9938231511;B
20240325;100544;1356;50;9938231583;B
20240325;100544;1356;67;9938231677;B
20240325;100544;1356;5;9938231678;B
20240325;100544;1356;22;9938231679;B
20240325;100545;1356.4;30;9938231864;B
20240325;100546;1356.4;90;9938232042;B
20240325;100546;1356.4;1;9938232172;B
20240325;100547;1356.4;58;9938232206;B
20240325;100547;1356.4;8;9938232207;B
20240325;100548;1356;26;9938232429;S
20240325;100549;1355.8;6;9938232597;S
20240325;100549;1355.8;25;9938232746;B
20240325;100549;1356;36;9938232747;B
20240325;100550;1356;8;9938232817;B
20240325;100550;1356;1;9938232830;B
20240325;100551;1356;1;9938233027;B
20240325;100552;1356;2;9938233393;B
20240325;100553;1355.8;1;9938233602;B
20240325;100553;1355.8;10;9938233603;B
20240325;100553;1356;3900;9938233717;B
20240325;100553;1356;50;9938233718;B
20240325;100553;1356;2;9938233719;B
20240325;100553;1356;1;9938233731;B
20240325;100553;1356;403;9938233753;B
20240325;100553;1356;30;9938233754;B
20240325;100553;1356;60;9938233755;B
20240325;100553;1356.2;1;9938233756;B
20240325;100553;1356.4;1;9938233757;B
20240325;100555;1356.6;1;9938233924;B
20240325;100555;1356.4;8;9938233981;S
20240325;100555;1356.4;19;9938233982;S
20240325;100555;1356.2;144;9938233983;S
20240325;100555;1356;129;9938233984;S
20240325;100556;1356.6;1;9938234179;B
20240325;100557;1356.6;57;9938234280;B
20240325;100557;1356.6;6;9938234281;B
20240325;100557;1356.8;39;9938234282;B
20240325;100557;1356.8;4;9938234283;B
20240325;100557;1356.8;132;9938234284;B
20240325;100557;1357;262;9938234285;B
20240325;100557;1356.8;21;9938234306;B
20240325;100557;1356.8;27;9938234415;B
20240325;100559;1356.4;10;9938234663;S
20240325;100559;1356.8;3;9938234771;B
20240325;100559;1357;47;9938234772;B
20240325;100601;1357;74;9938235004;B
20240325;100602;1357;1;9938235221;B
20240325;100603;1357;1;9938235479;B
20240325;100604;1356.4;1;9938235659;S
20240325;100606;1357;2;9938236052;B
20240325;100606;1356.4;1;9938236172;S
20240325;100606;1356.4;27;9938236173;S
20240325;100606;1356.4;6;9938236174;S
20240325;100606;1356.4;20;9938236175;S
20240325;100606;1356.2;46;9938236176;S
20240325;100607;1357;30;9938236461;B
20240325;100607;1357;63;9938236502;B
20240325;100607;1357;20;9938236530;B
20240325;100607;1356.2;20;9938236576;S
20240325;100608;1357;3;9938236753;B
20240325;100609;1357;16;9938237008;B
20240325;100609;1357;10;9938237009;B
20240325;100609;1357;74;9938237010;B
20240325;100611;1357;1;9938237248;B
20240325;100611;1357;1;9938237533;B
20240325;100611;1356.8;6;9938237535;S
20240325;100612;1357;3;9938237692;B
20240325;100613;1357;100;9938237803;B
20240325;100613;1356.8;4;9938237832;S
20240325;100613;1356.8;1;9938237833;S
20240325;100613;1356.4;4;9938237834;S
20240325;100614;1356.4;2;9938238057;S
20240325;100614;1356.2;3;9938238058;S
20240325;100615;1357;51;9938238232;B
20240325;100615;1357;100;9938238302;B
20240325;100616;1356.8;6;9938238494;B
20240325;100616;1357;110;9938238495;B
20240325;100618;1357;10;9938238792;B
20240325;100618;1357;1;9938238822;B
20240325;100619;1356.8;2;9938238974;S
20240325;100619;1357;49;9938239060;B
20240325;100619;1357;2;9938239061;B
20240325;100619;1357;100;9938239062;B
20240325;100619;1357;6;9938239063;B
20240325;100619;1357;32;9938239064;B
20240325;100619;1357;11;9938239065;B
20240325;100621;1357;124;9938239431;B
20240325;100621;1357;231;9938239432;B
20240325;100621;1357;1;9938239491;B
20240325;100622;1357;10;9938239545;B
20240325;100622;1356.8;56;9938239589;S
20240325;100622;1356.8;56;9938239602;S
20240325;100623;1357;200;9938239788;B
20240325;100623;1357;15;9938239796;B
20240325;100626;1357;10;9938240337;B
20240325;100626;1357;33;9938240372;B
20240325;100626;1357;32;9938240373;B
20240325;100626;1357;35;9938240374;B
20240325;100626;1357;3;9938240390;B
20240325;100627;1356.8;20;9938240512;S
20240325;100627;1357;1;9938240564;B
20240325;100628;1357;1;9938240702;B
20240325;100628;1356.8;3;9938240754;S
20240325;100628;1357;92;9938240833;B
20240325;100628;1357;416;9938240834;B
20240325;100629;1356.8;5;9938240910;S
20240325;100629;1357;1;9938240997;B
20240325;100630;1357;2;9938241156;B
20240325;100630;1357;100;9938241251;B
20240325;100630;1357;1;9938241264;B
20240325;100632;1357;2;9938241645;B
20240325;100632;1357;30;9938241748;B
20240325;100633;1356.8;10;9938241789;S
20240325;100633;1356.8;1;9938241790;S
20240325;100633;1356.8;334;9938241791;S
20240325;100633;1356.8;155;9938241792;S
20240325;100633;1357;10;9938241828;B
20240325;100633;1357;1;9938241850;B
20240325;100633;1357;1;9938241889;B
20240325;100635;1356.8;1;9938242073;S
20240325;100635;1356.8;2;9938242074;S
20240325;100635;1357;20;9938242076;B
20240325;100636;1357;15;9938242313;B
20240325;100636;1357;1;9938242351;B
20240325;100636;1357;62;9938242352;B
20240325;100636;1357;3;9938242387;B
20240325;100636;1357;1;9938242411;B
20240325;100637;1357;140;9938242559;B
20240325;100637;1357;1;9938242622;B
20240325;100637;1357;1;9938242645;B
20240325;100638;1356.8;6;9938242671;S
20240325;100638;1357;1;9938242679;B
20240325;100639;1356.8;2;9938243042;S
20240325;100639;1356.8;20;9938243043;S
20240325;100640;1357;1;9938243070;B
20240325;100640;1357;100;9938243094;B
20240325;100640;1357;100;9938243104;B
20240325;100640;1357;90;9938243150;B
20240325;100640;1357;26;9938243151;B
20240325;100641;1357;10;9938243243;B
20240325;100641;1357;3;9938243247;B
20240325;100642;1356.8;10;9938243541;S
20240325;100642;1357;2;9938243552;B
20240325;100642;1357;53;9938243639;B
20240325;100642;1357;3;9938243649;B
20240325;100643;1356.8;7;9938243779;S
20240325;100643;1356.8;2;9938243780;S
20240325;100643;1356.8;1;9938243781;S
20240325;100643;1356.6;6;9938243782;S
20240325;100643;1356.6;22;9938243783;S
20240325;100643;1356.6;10;9938243787;S
20240325;100643;1356.6;6;9938243788;S
20240325;100644;1356.6;44;9938243951;S
20240325;100644;1356.6;12;9938244131;B
20240325;100646;1356.6;10;9938244359;B
20240325;100648;1356.4;1;9938244762;S
20240325;100648;1356.4;4;9938244763;S
20240325;100648;1356.6;2;9938244840;B
20240325;100648;1356.6;1;9938244852;B
20240325;100649;1356.4;51;9938244929;S
20240325;100649;1356.4;19;9938244930;S
20240325;100649;1356.6;25;9938244995;B
20240325;100652;1356.8;144;9938245302;B
20240325;100652;1357;71;9938245303;B
20240325;100652;1357;1;9938245315;B
20240325;100652;1356.6;10;9938245369;S
20240325;100654;1357;1;9938245628;B
20240325;100654;1357;52;9938245674;B
20240325;100654;1356.8;1;9938245777;B
20240325;100655;1357;9;9938246045;B
20240325;100655;1357;1;9938246060;B
20240325;100656;1356.6;223;9938246094;S
20240325;100656;1356.4;76;9938246095;S
20240325;100656;1356.4;150;9938246096;S
20240325;100656;1356.4;1;9938246097;S
20240325;100656;1356.4;35;9938246098;S
20240325;100656;1356.4;2;9938246099;S
20240325;100656;1356.2;13;9938246100;S
20240325;100656;1356.6;1;9938246304;B
20240325;100657;1356.6;10;9938246415;B
20240325;100658;1356.2;2;9938246585;S
20240325;100658;1356.6;1;9938246602;B
20240325;100658;1356.6;1;9938246610;B
20240325;100659;1356.6;1;9938246639;B
20240325;100659;1356.2;12;9938246653;S
20240325;100659;1356.2;2;9938246654;S
20240325;100659;1356.4;1;9938246660;B
20240325;100659;1356.6;1;9938246718;B
20240325;100659;1356.2;34;9938246747;S
20240325;100659;1356.2;34;9938246816;S
20240325;100700;1356.2;127;9938247020;S
20240325;100700;1356.4;5;9938247061;B
20240325;100701;1356;6;9938247171;S
20240325;100701;1356;372;9938247172;S
20240325;100701;1356;2;9938247173;S
20240325;100701;1356;9;9938247174;S
20240325;100701;1356;30;9938247175;S
20240325;100701;1356;1;9938247176;S
20240325;100701;1356;1;9938247177;S
20240325;100701;1356;3;9938247178;S
20240325;100701;1356;6;9938247179;S
20240325;100701;1356;200;9938247180;S
20240325;100701;1355.8;1;9938247181;S
20240325;100701;1355.8;1;9938247182;S
20240325;100701;1355.6;10;9938247183;S
20240325;100701;1355.6;1;9938247184;S
20240325;100701;1355.6;1;9938247185;S
20240325;100701;1355.6;26;9938247186;S
20240325;100701;1355.8;25;9938247216;B
20240325;100701;1355.6;1;9938247217;S
20240325;100701;1355.6;9;9938247242;S
20240325;100702;1355.8;20;9938247276;B
20240325;100702;1355.8;6;9938247294;B
20240325;100702;1355.6;14;9938247324;S
20240325;100702;1355.6;1;9938247325;S
20240325;100702;1355.4;2;9938247326;S
20240325;100702;1355.4;35;9938247327;S
20240325;100702;1355.2;100;9938247328;S
20240325;100702;1355.2;1;9938247329;S
20240325;100702;1355.2;20;9938247330;S
20240325;100702;1355.2;77;9938247331;S
20240325;100702;1355.4;3;9938247369;B
20240325;100703;1355.4;5;9938247422;B
20240325;100704;1355.4;1;9938247575;B
20240325;100704;1355.2;24;9938247580;S
20240325;100706;1355.4;3;9938248187;B
20240325;100706;1355.4;3;9938248201;B
20240325;100706;1355.4;2;9938248209;B
20240325;100707;1355.4;1;9938248220;B
20240325;100708;1355.4;12;9938248459;B
20240325;100708;1355.4;16;9938248485;B
20240325;100708;1355.4;171;9938248488;B
20240325;100708;1355.4;35;9938248489;B
20240325;100708;1355.4;12;9938248490;B
20240325;100708;1355.4;11;9938248491;B
20240325;100708;1355.4;23;9938248492;B
20240325;100709;1355.2;50;9938248609;S
20240325;100710;1355.4;3;9938248765;B
20240325;100710;1355.4;1;9938248891;B
20240325;100710;1355.2;5;9938248895;S
20240325;100710;1355.2;65;9938248928;S
20240325;100710;1355.2;16;9938249062;B
20240325;100711;1355.2;2;9938249149;B
20240325;100711;1355.4;60;9938249248;B
20240325;100711;1355.4;1;9938249249;B
20240325;100711;1355.4;164;9938249250;B
20240325;100711;1355.4;39;9938249251;B
20240325;100711;1355.6;12;9938249256;B
20240325;100711;1355.8;21;9938249257;B
20240325;100711;1355.8;6;9938249258;B
20240325;100711;1356;40;9938249259;B
20240325;100711;1356;3;9938249298;B
20240325;100712;1355.2;1;9938249407;S
20240325;100712;1355.8;1;9938249510;B
20240325;100712;1355.8;1;9938249511;B
20240325;100714;1355.4;1;9938249708;B
20240325;100714;1355.4;3;9938249809;B
20240325;100714;1355.4;46;9938249810;B
20240325;100714;1355.4;36;9938249811;B
20240325;100714;1355.4;93;9938249812;B
20240325;100714;1355.8;22;9938249813;B
20240325;100714;1355.8;18;9938249818;B
20240325;100717;1356.2;36;9938250339;B
20240325;100717;1356.2;58;9938250340;B
20240325;100717;1356.2;60;9938250341;B
20240325;100717;1356.4;6;9938250342;B
20240325;100717;1356.4;3;9938250343;B
20240325;100717;1356.4;12;9938250344;B
20240325;100717;1356.4;31;9938250345;B
20240325;100717;1356.4;15;9938250347;B
20240325;100717;1356.6;5;9938250348;B
20240325;100717;1356.4;34;9938250349;B
20240325;100717;1356.4;24;9938250350;B
20240325;100717;1356.6;1;9938250351;B
20240325;100717;1356.6;6;9938250352;B
20240325;100717;1356.6;22;9938250353;B
20240325;100717;1356.6;21;9938250359;B
20240325;100717;1356.6;8;9938250412;B
20240325;100718;1356.4;2;9938250525;S
20240325;100718;1355.8;3;9938250526;S
20240325;100718;1355.6;1;9938250556;S
20240325;100718;1356.6;1;9938250668;B
20240325;100718;1356.6;1;9938250669;B
20240325;100718;1356.8;10;9938250670;B
20240325;100718;1356.8;9;9938250671;B
20240325;100718;1356.6;58;9938250672;B
20240325;100718;1356.8;1;9938250673;B
20240325;100718;1356.8;1;9938250674;B
20240325;100718;1356.8;42;9938250675;B
20240325;100718;1356.6;24;9938250677;B
20240325;100718;1356.6;34;9938250679;B
20240325;100718;1356.8;141;9938250680;B
20240325;100719;1356.6;58;9938250760;B
20240325;100719;1356.8;12;9938250761;B
20240325;100720;1356.6;58;9938250983;B
20240325;100720;1356.6;36;9938250984;B
20240325;100720;1356.6;3;9938250985;B
20240325;100720;1356.6;60;9938250986;B
20240325;100720;1356.8;12;9938250987;B
20240325;100720;1356.8;58;9938250988;B
20240325;100720;1357;94;9938250989;B
20240325;100720;1357;1000;9938250990;B
20240325;100720;1357;326;9938250991;B
20240325;100720;1357;43;9938250992;B
20240325;100722;1357;10;9938251210;B
20240325;100722;1357;5;9938251211;B
20240325;100722;1355.8;4;9938251225;S
20240325;100722;1357;112;9938251371;B
20240325;100722;1357;36;9938251372;B
20240325;100722;1357;64;9938251373;B
20240325;100722;1357;41;9938251374;B
20240325;100722;1357;32;9938251377;B
20240325;100723;1356;10;9938251408;S
20240325;100723;1355.8;219;9938251409;S
20240325;100723;1355.8;210;9938251410;S
20240325;100723;1355.8;36;9938251411;S
20240325;100723;1355.6;11;9938251412;S
20240325;100723;1355.6;58;9938251413;S
20240325;100723;1355.4;58;9938251414;S
20240325;100723;1355.4;298;9938251415;S
20240325;100723;1355.2;9;9938251416;S
20240325;100723;1355.2;58;9938251417;S
20240325;100723;1355.2;33;9938251418;S
20240325;100725;1356.8;175;9938251672;B
20240325;100725;1356.8;14;9938251673;B
20240325;100725;1356.8;21;9938251674;B
20240325;100725;1356.8;1;9938251675;B
20240325;100725;1356.8;10;9938251676;B
20240325;100725;1356.8;13;9938251677;B
20240325;100725;1356.8;43;9938251679;B
20240325;100725;1355.8;10;9938251724;S
20240325;100727;1356.6;10;9938251966;B
20240325;100727;1356.6;1;9938251967;B
20240325;100727;1356.8;2;9938251968;B
20240325;100727;1356.8;6;9938251969;B
20240325;100727;1356.8;54;9938251972;B
20240325;100727;1356.8;121;9938251973;B
20240325;100727;1356.8;22;9938251974;B
20240325;100727;1356.8;81;9938251977;B
20240325;100727;1356.8;22;9938251978;B
20240325;100727;1356.8;22;9938251979;B
20240325;100729;1356;28;9938252407;S
20240325;100729;1356;32;9938252479;S
20240325;100730;1356.8;9;9938252576;B
20240325;100730;1356.8;1;9938252577;B
20240325;100730;1356.8;58;9938252578;B
20240325;100730;1356.8;60;9938252579;B
20240325;100730;1356.8;30;9938252580;B
20240325;100730;1357;13;9938252581;B
20240325;100730;1356.8;31;9938252586;B
20240325;100730;1356.8;27;9938252587;B
20240325;100730;1356.6;132;9938252693;B
20240325;100730;1356.6;36;9938252694;B
20240325;100730;1356.8;58;9938252695;B
20240325;100730;1356.8;60;9938252696;B
20240325;100730;1357;602;9938252697;B
20240325;100730;1357;10;9938252698;B
20240325;100730;1357;14;9938252699;B
20240325;100730;1357;1;9938252700;B
20240325;100730;1357;58;9938252701;B
20240325;100730;1357;1;9938252702;B
20240325;100731;1356.2;1;9938252915;S
20240325;100731;1356.8;41;9938252916;B
20240325;100731;1356.8;91;9938252921;B
20240325;100731;1357;46;9938252922;B
20240325;100731;1356.8;50;9938252923;B
20240325;100731;1356.8;21;9938252924;B
20240325;100731;1357;62;9938252930;B
20240325;100731;1357;28;9938252934;B
20240325;100734;1357;30;9938253594;B
20240325;100734;1357;146;9938253595;B
20240325;100734;1357;6;9938253596;B
20240325;100734;1357;14;9938253597;B
20240325;100734;1357;22;9938253598;B
20240325;100734;1357;20;9938253600;B
20240325;100734;1357;4;9938253602;B
20240325;100734;1357;14;9938253603;B
20240325;100734;1357;23;9938253604;B
20240325;100735;1357;3;9938253711;B
20240325;100735;1356.6;3;9938253792;B
20240325;100736;1356.6;1;9938253845;B
20240325;100736;1356.6;1;9938253916;B
20240325;100737;1356.6;2;9938253992;B
20240325;100738;1356.6;80;9938254133;B
20240325;100738;1356.6;60;9938254134;B
20240325;100738;1356.6;35;9938254135;B
20240325;100738;1356.6;175;9938254136;B
20240325;100740;1356.2;3;9938254636;S
20240325;100741;1356.8;3;9938254641;B
20240325;100741;1356.8;60;9938254642;B
20240325;100741;1357;112;9938254643;B
20240325;100741;1357;175;9938254644;B
20240325;100742;1357;11;9938254830;B
20240325;100743;1357;175;9938255033;B
20240325;100743;1357;27;9938255034;B
20240325;100743;1357;74;9938255035;B
20240325;100743;1357;36;9938255036;B
20240325;100743;1357;38;9938255037;B
20240325;100744;1357;22;9938255304;B
20240325;100744;1357;153;9938255305;B
20240325;100744;1357;76;9938255306;B
20240325;100744;1357;9;9938255307;B
20240325;100744;1357;20;9938255312;B
20240325;100746;1357;7;9938255554;B
20240325;100748;1357;36;9938255866;B
20240325;100748;1357;175;9938255867;B
20240325;100748;1357;24;9938255892;B
20240325;100748;1357;33;9938255893;B
20240325;100748;1357;55;9938255894;B
20240325;100748;1357;20;9938255895;B
20240325;100750;1357;2;9938256356;B
20240325;100753;1356.4;25;9938256872;S
20240325;100753;1356.4;15;9938256873;S
20240325;100753;1357;2;9938256934;B
20240325;100754;1357;1;9938257094;B
20240325;100754;1357;4;9938257161;B
20240325;100754;1357;1;9938257188;B
20240325;100756;1357;10;9938257519;B
20240325;100756;1357;10;9938257520;B
20240325;100757;1356.8;5;9938257750;B
20240325;100758;1356.4;1;9938257854;S
20240325;100758;1356.4;10;9938257912;S
20240325;100758;1356.4;14;9938257966;S
20240325;100758;1356.4;25;9938257967;S
20240325;100758;1356.2;9;9938257968;S
20240325;100758;1356.2;1;9938257969;S
20240325;100758;1356.2;1;9938257970;S
20240325;100758;1356.2;2;9938257971;S
20240325;100758;1356.2;36;9938257972;S
20240325;100758;1356.2;12;9938257973;S
20240325;100758;1356.6;1;9938257988;B
20240325;100800;1356.6;1;9938258217;B
20240325;100802;1356;30;9938258696;S
20240325;100802;1356;1;9938258697;S
20240325;100802;1356;1;9938258698;S
20240325;100802;1356;10;9938258699;S
20240325;100802;1356;1;9938258700;S
20240325;100802;1356;10;9938258701;S
20240325;100803;1356;1;9938258890;B
20240325;100803;1356;1;9938258932;B
20240325;100803;1355.8;1;9938259002;S
20240325;100804;1355.6;1;9938259107;S
20240325;100804;1355.6;9;9938259134;S
20240325;100804;1355.6;24;9938259135;S
20240325;100805;1355.6;174;9938259205;S
20240325;100805;1355.6;1;9938259262;B
20240325;100805;1355.6;25;9938259277;B
20240325;100805;1355.6;36;9938259278;B
20240325;100805;1355.8;25;9938259279;B
20240325;100805;1355.8;210;9938259280;B
20240325;100805;1356;5;9938259281;B
20240325;100805;1356;24;9938259282;B
20240325;100805;1355.8;1;9938259298;B
20240325;100805;1355.2;50;9938259314;S
20240325;100806;1355.8;4;9938259570;B
20240325;100807;1355.6;1;9938259743;B
20240325;100808;1355.6;1;9938260002;B
20240325;100809;1355.2;70;9938260188;S
20240325;100810;1355.2;10;9938260347;S
20240325;100810;1355.2;58;9938260348;S
20240325;100810;1355.2;438;9938260349;S
20240325;100811;1355.6;38;9938260518;B
20240325;100811;1355.6;25;9938260519;B
20240325;100811;1355.6;6;9938260520;B
20240325;100813;1355.6;25;9938260849;B
20240325;100813;1355.6;48;9938260850;B
20240325;100813;1355.8;8;9938260851;B
20240325;100813;1355.8;132;9938260852;B
20240325;100813;1356;437;9938260853;B
20240325;100813;1355.6;1;9938260874;B
20240325;100815;1355.6;50;9938261173;B
20240325;100815;1355.6;22;9938261317;B
20240325;100817;1355.6;20;9938261510;B
20240325;100818;1355.8;1;9938261744;B
20240325;100819;1355.8;2;9938262089;B
20240325;100820;1355.8;15;9938262161;B
20240325;100820;1355.8;1;9938262207;B
20240325;100821;1356;49;9938262415;B
20240325;100823;1356;11;9938262740;B
20240325;100823;1355.6;3;9938262745;S
20240325;100823;1355.6;1;9938262746;S
20240325;100823;1355.6;56;9938262747;S
20240325;100824;1356;18;9938263016;B
20240325;100826;1356;2;9938263297;B
20240325;100826;1356;1;9938263384;B
20240325;100827;1356;14;9938263553;B
20240325;100828;1355.6;4;9938263729;S
20240325;100830;1356;5;9938264009;B
20240325;100832;1356;18;9938264274;B
20240325;100833;1356;3;9938264373;B
20240325;100834;1356;1;9938264559;B
20240325;100834;1356;10;9938264607;B
20240325;100834;1356;1;9938264619;B
20240325;100835;1356;162;9938264729;B
20240325;100835;1356;20;9938264783;B
20240325;100837;1356;1;9938264928;B
20240325;100838;1355.6;13;9938265220;S
20240325;100838;1355.6;33;9938265221;S
20240325;100838;1355.6;13;9938265222;S
20240325;100838;1355.4;123;9938265223;S
20240325;100838;1355.4;25;9938265224;S
20240325;100838;1355.4;37;9938265225;S
20240325;100838;1355.2;62;9938265226;S
20240325;100838;1355.2;210;9938265227;S
20240325;100838;1355.2;1;9938265228;S
20240325;100838;1355.2;1;9938265229;S
20240325;100838;1355;10;9938265230;S
20240325;100838;1355;10;9938265231;S
20240325;100838;1355;1;9938265232;S
20240325;100838;1355;5;9938265233;S
20240325;100838;1355;7;9938265234;S
20240325;100839;1355.6;1;9938265305;B
20240325;100839;1355;80;9938265327;S
20240325;100839;1355.6;3;9938265332;B
20240325;100840;1355;13;9938265592;S
20240325;100840;1355;1;9938265593;S
20240325;100840;1355;1;9938265594;S
20240325;100840;1355;5;9938265595;S
20240325;100840;1355;3;9938265596;S
20240325;100840;1355;6;9938265597;S
20240325;100840;1355;500;9938265598;S
20240325;100840;1355;68;9938265599;S
20240325;100840;1355;74;9938265600;S
20240325;100840;1355.6;1;9938265607;B
20240325;100841;1355;10;9938265781;S
20240325;100841;1355;10;9938265818;S
20240325;100841;1355;10;9938265845;S
20240325;100843;1355.2;1;9938266257;B
20240325;100844;1355.2;5;9938266300;B
20240325;100845;1355;1;9938266464;S
20240325;100845;1355;5;9938266465;S
20240325;100845;1355;2;9938266466;S
20240325;100846;1355;10;9938266633;S
20240325;100846;1355.2;1;9938266679;B
20240325;100846;1355.2;1;9938266680;B
20240325;100847;1355.2;24;9938266780;B
20240325;100847;1355;9;9938266861;S
20240325;100847;1355.2;2;9938266880;B
20240325;100847;1355.2;1;9938266923;B
20240325;100848;1355.2;1;9938266952;B
20240325;100849;1355.2;14;9938267148;B
20240325;100849;1355.2;32;9938267172;B
20240325;100849;1355.2;1;9938267173;B
20240325;100851;1355.4;1;9938267511;B
20240325;100852;1355.2;3;9938267576;S
20240325;100852;1355;47;9938267577;S
20240325;100852;1355.2;1;9938267587;B
20240325;100852;1355.2;18;9938267588;B
20240325;100852;1355.2;1;9938267635;B
20240325;100852;1355.2;1;9938267677;B
20240325;100853;1355.4;4;9938267767;B
20240325;100853;1355.4;1;9938268004;B
20240325;100854;1355.4;1;9938268072;B
20240325;100900;1355.4;1;9938268980;B
20240325;100900;1355.4;18;9938269046;B
20240325;100901;1355.4;1;9938269086;B
20240325;100901;1355.4;11;9938269185;B
20240325;100902;1355.2;3;9938269353;S
20240325;100902;1355.2;1;9938269354;S
20240325;100902;1355;1;9938269355;S
20240325;100903;1355;3;9938269454;S
20240325;100903;1355;5;9938269492;S
20240325;100903;1355.4;1;9938269561;B
20240325;100904;1355;139;9938269681;S
20240325;100904;1355;1;9938269682;S
20240325;100904;1355;2;9938269683;S
20240325;100904;1355;4;9938269684;S
20240325;100904;1355;10;9938269685;S
20240325;100904;1355;34;9938269686;S
20240325;100905;1355;2;9938269806;S
20240325;100906;1355;108;9938269869;S
20240325;100907;1355;5;9938270174;S
20240325;100907;1355.2;1;9938270198;B
20240325;100907;1355.2;50;9938270255;B
20240325;100908;1355.2;1;9938270300;B
20240325;100908;1355;5;9938270365;S
20240325;100909;1355;5;9938270408;S
20240325;100911;1355;1;9938270719;S
20240325;100911;1355.2;1;9938270737;B
20240325;100911;1355.2;3;9938270786;B
20240325;100912;1355.2;3;9938271012;B
20240325;100915;1355.2;164;9938271353;B
20240325;100915;1355.2;53;9938271354;B
20240325;100915;1355.2;60;9938271355;B
20240325;100915;1355.2;1;9938271356;B
20240325;100915;1355.2;39;9938271395;B
20240325;100918;1355.2;18;9938271748;S
20240325;100919;1355.2;2;9938271891;S
20240325;100919;1355.2;5;9938271898;S
20240325;100921;1355.4;2;9938272203;B
20240325;100922;1355.4;4;9938272275;B
20240325;100922;1355.2;1;9938272289;S
20240325;100922;1355.4;38;9938272326;B
20240325;100923;1355.2;11;9938272416;S
20240325;100923;1355.2;1;9938272457;S
20240325;100923;1355.2;12;9938272458;S
20240325;100923;1355.4;1;9938272478;B
20240325;100923;1355.4;1;9938272479;B
20240325;100924;1355.2;1;9938272493;S
20240325;100925;1355.4;4;9938272614;B
20240325;100925;1355.4;1;9938272615;B
20240325;100926;1355.4;1;9938272791;B
20240325;100926;1355.2;42;9938272851;S
20240325;100928;1355.2;10;9938273001;S
20240325;100929;1355.2;3;9938273180;S
20240325;100930;1355.2;1;9938273262;S
20240325;100930;1355.2;39;9938273263;S
20240325;100930;1355;2;9938273264;S
20240325;100930;1355;4;9938273265;S
20240325;100930;1355;3;9938273266;S
20240325;100930;1355;1;9938273267;S
20240325;100930;1355;1;9938273268;S
20240325;100930;1355;5;9938273269;S
20240325;100930;1355;10;9938273270;S
20240325;100930;1355;50;9938273271;S
20240325;100930;1355;3;9938273272;S
20240325;100930;1355;2;9938273273;S
20240325;100930;1355;1;9938273274;S
20240325;100930;1355;1;9938273275;S
20240325;100930;1355;10;9938273276;S
20240325;100930;1355;1;9938273277;S
20240325;100930;1355;70;9938273278;S
20240325;100930;1355;5;9938273279;S
20240325;100930;1355;1;9938273280;S
20240325;100930;1355;40;9938273281;S
20240325;100930;1355.4;10;9938273283;B
20240325;100933;1355.4;1;9938273856;B
20240325;100935;1355;100;9938274055;S
20240325;100937;1355;5;9938274424;S
20240325;100937;1355.2;1;9938274482;B
20240325;100938;1355.2;4;9938274722;B
20240325;100940;1355.2;1;9938275104;B
20240325;100941;1355.2;6;9938275299;B
20240325;100942;1355;55;9938275423;S
20240325;100942;1355;2;9938275424;S
20240325;100942;1355;1;9938275425;S
20240325;100942;1355;10;9938275463;B
20240325;100942;1355;120;9938275520;B
20240325;100943;1355;40;9938275642;B
20240325;100943;1355;5;9938275703;B
20240325;100943;1355;167;9938275706;B
20240325;100943;1355.2;1;9938275707;B
20240325;100943;1355.2;1;9938275708;B
20240325;100944;1355.6;2;9938275954;B
20240325;100944;1355.8;3;9938275955;B
20240325;100946;1355.6;40;9938276268;S
20240325;100946;1355.6;69;9938276269;S
20240325;100947;1355.8;1;9938276332;B
20240325;100947;1355.8;8;9938276333;B
20240325;100947;1355.8;1;9938276335;B
20240325;100947;1355.8;9;9938276343;B
20240325;100948;1355.6;8;9938276384;S
20240325;100949;1355.6;3;9938276744;S
20240325;100952;1355.6;17;9938277104;S
20240325;100953;1355.6;5;9938277304;S
20240325;100953;1355.8;41;9938277348;B
20240325;100953;1355.8;9;9938277349;B
20240325;100953;1356;470;9938277350;B
20240325;100955;1356;10;9938277653;B
20240325;100955;1355.8;2;9938277696;S
20240325;100955;1355.8;2;9938277712;S
20240325;100956;1356;5;9938277738;B
20240325;100956;1356;2;9938277751;B
20240325;100956;1356;2;9938277892;B
20240325;101000;1356;8;9938278377;B
20240325;101000;1356;1;9938278382;B
20240325;101000;1355.8;204;9938278504;S
20240325;101000;1355.8;40;9938278505;S
20240325;101000;1355.8;26;9938278506;S
20240325;101001;1355.8;1;9938278657;S
20240325;101001;1356;100;9938278729;B
20240325;101002;1356;5;9938278799;B
20240325;101002;1356;5;9938278887;B
20240325;101003;1356;50;9938279074;B
20240325;101003;1356;3;9938279195;B
20240325;101005;1356;2;9938279526;B
20240325;101007;1356;12;9938279829;B
20240325;101007;1355.8;35;9938279843;S
20240325;101008;1356;2;9938279901;B
20240325;101009;1356;111;9938280061;B
20240325;101010;1355.8;7;9938280181;S
20240325;101012;1355.8;12;9938280451;S
20240325;101013;1356;2;9938280572;B
20240325;101013;1356;131;9938280588;B
20240325;101016;1356;2;9938281023;B
20240325;101017;1356;2;9938281130;B
20240325;101018;1356;40;9938281309;B
20240325;101019;1356;1;9938281378;B
20240325;101019;1356;8;9938281442;B
20240325;101019;1355.8;5;9938281496;S
20240325;101019;1355.8;3;9938281497;S
20240325;101020;1356;100;9938281578;B
20240325;101021;1356;3;9938281788;B
20240325;101022;1356;2;9938281994;B
20240325;101022;1356;3;9938282037;B
20240325;101022;1356;237;9938282047;B
20240325;101024;1356;2;9938282243;B
20240325;101025;1356;5;9938282310;B
20240325;101025;1356;70;9938282342;B
20240325;101026;1356;90;9938282642;B
20240325;101027;1356;14;9938282717;B
20240325;101027;1355.8;12;9938282737;S
20240325;101029;1356;20;9938283023;B
20240325;101029;1355.8;8;9938283037;S
20240325;101029;1355.8;2;9938283038;S
20240325;101030;1355.8;17;9938283064;S
20240325;101030;1356;12;9938283173;B
20240325;101031;1355.8;6;9938283222;S
20240325;101031;1355.8;100;9938283223;S
20240325;101031;1355.8;64;9938283224;S
20240325;101031;1355.8;15;9938283296;S
20240325;101033;1355.8;16;9938283524;S
20240325;101035;1356;1;9938283869;B
20240325;101036;1356;124;9938283913;B
20240325;101036;1356;25;9938283914;B
20240325;101036;1356;1;9938283915;B
20240325;101036;1356;1;9938283935;B
20240325;101036;1356;1;9938283977;B
20240325;101036;1356;1;9938283980;B
20240325;101036;1355.8;20;9938284006;S
20240325;101037;1356;1;9938284124;B
20240325;101038;1355.8;8;9938284146;S
20240325;101038;1355.8;4;9938284147;S
20240325;101038;1355.8;6;9938284213;S
20240325;101038;1355.8;14;9938284214;S
20240325;101038;1355.8;2;9938284215;S
20240325;101038;1355.8;23;9938284216;S
20240325;101038;1355.8;1;9938284233;S
20240325;101038;1356;10;9938284247;B
20240325;101039;1356;31;9938284310;B
20240325;101040;1356;1;9938284468;B
20240325;101040;1356;1;9938284490;B
20240325;101041;1356;5;9938284513;B
20240325;101041;1356;1;9938284516;B
20240325;101041;1356;3;9938284617;B
20240325;101042;1356;5;9938284647;B
20240325;101043;1355.8;1;9938284772;S
20240325;101043;1355.8;16;9938284773;S
20240325;101043;1355.8;5;9938284807;S
20240325;101043;1356;4;9938284836;B
20240325;101043;1356;2;9938284861;B
20240325;101045;1356;7;9938285057;B
20240325;101045;1356;1;9938285149;B
20240325;101045;1356;5;9938285152;B
20240325;101046;1355.8;39;9938285260;S
20240325;101047;1355.8;15;9938285365;S
20240325;101047;1355.8;25;9938285366;S
20240325;101047;1355.8;1;9938285367;S
20240325;101047;1355.8;9;9938285368;S
20240325;101049;1356;1;9938285597;B
20240325;101051;1356;9;9938285791;B
20240325;101052;1356;2;9938285991;B
20240325;101054;1356;10;9938286197;B
20240325;101056;1356;2;9938286519;B
20240325;101056;1356;1;9938286520;B
20240325;101056;1356;7;9938286521;B
20240325;101056;1355.8;59;9938286552;S
20240325;101056;1355.8;41;9938286553;S
20240325;101059;1356;4;9938286875;B
20240325;101059;1356;1;9938286892;B
20240325;101059;1356;35;9938286893;B
20240325;101059;1356;3;9938286927;B
20240325;101059;1356;2;9938286928;B
20240325;101059;1356;6;9938286929;B
20240325;101100;1356;1;9938287035;B
20240325;101101;1355.8;1;9938287100;S
20240325;101101;1355.8;15;9938287164;S
20240325;101102;1356;1;9938287276;B
20240325;101102;1356;1;9938287310;B
20240325;101103;1355.8;1;9938287476;S
20240325;101104;1356;1;9938287587;B
20240325;101105;1356;99;9938287631;B
20240325;101105;1356;900;9938287646;B
20240325;101105;1356;25;9938287647;B
20240325;101105;1356;5;9938287648;B
20240325;101105;1356;40;9938287649;B
20240325;101105;1356.4;6;9938287717;B
20240325;101105;1356.6;75;9938287718;B
20240325;101105;1356.6;83;9938287719;B
20240325;101105;1356.6;45;9938287720;B
