<DATE>;<TIME>;<LAST>;<VOL>;<ID>;<OPER>
20240319;095948;1404.6;1;9888798077;S
20240319;095948;1404.6;5;9888798078;S
20240319;095948;1404.6;2;9888798079;S
20240319;095948;1404.6;25;9888798080;S
20240319;095948;1404.6;2;9888798081;S
20240319;095948;1404.6;15;9888798082;S
20240319;095948;1404.6;1;9888798083;S
20240319;095948;1404.6;12;9888798084;S
20240319;095948;1404.6;2;9888798085;S
20240319;095948;1404.6;3;9888798086;S
20240319;095948;1404.6;1;9888798087;S
20240319;095948;1404.6;4;9888798088;S
20240319;095948;1404.6;12;9888798089;S
20240319;095948;1404.6;1;9888798090;S
20240319;095948;1404.6;1;9888798091;S
20240319;095948;1404.6;4;9888798092;S
20240319;095948;1404.6;2;9888798093;S
20240319;095948;1404.6;8;9888798094;S
20240319;095948;1404.6;2;9888798095;S
20240319;095948;1404.6;7;9888798096;S
20240319;095948;1404.6;30;9888798097;S
20240319;095948;1404.6;20;9888798098;B
20240319;095948;1404.6;6;9888798099;B
20240319;095948;1404.6;2;9888798100;B
20240319;095948;1404.6;19;9888798101;B
20240319;095948;1404.6;3;9888798102;B
20240319;095948;1404.6;23;9888798103;B
20240319;095948;1404.6;1;9888798104;S
20240319;095948;1404.6;1;9888798105;S
20240319;095948;1404.6;1;9888798106;S
20240319;095948;1404.6;1;9888798107;S
20240319;095948;1404.6;4;9888798108;S
20240319;095948;1404.6;1;9888798109;S
20240319;095948;1404.6;15;9888798110;S
20240319;095948;1404.6;1;9888798111;S
20240319;095948;1404.6;1;9888798112;S
20240319;095948;1404.6;1;9888798113;S
20240319;095948;1404.6;2;9888798114;S
20240319;095948;1404.6;50;9888798115;S
20240319;095948;1404.6;10;9888798116;S
20240319;095948;1404.6;1;9888798117;B
20240319;095948;1404.6;1;9888798118;B
20240319;095948;1404.6;1;9888798119;B
20240319;095948;1404.6;1;9888798120;B
20240319;095948;1404.6;3;9888798121;S
20240319;095948;1404.6;2;9888798122;S
20240319;095948;1404.6;2;9888798123;S
20240319;095948;1404.6;40;9888798124;S
20240319;100000;1405;1;9888801182;B
20240319;100000;1405;100;9888801183;B
20240319;100000;1404.6;9;9888801658;S
20240319;100000;1405.2;1;9888801662;B
20240319;100000;1404.6;10;9888801668;S
20240319;100004;1405;3;9888804090;B
20240319;100004;1405;1;9888804576;B
20240319;100004;1405;1;9888804577;B
20240319;100005;1405.4;1;9888804944;B
20240319;100005;1405.2;3;9888804976;B
20240319;100005;1405.2;2;9888804985;B
20240319;100005;1405.2;1;9888805664;B
20240319;100005;1404.6;1;9888806194;S
20240319;100005;1405.2;1;9888806199;B
20240319;100005;1405.2;50;9888806217;B
20240319;100005;1405.6;2;9888806366;B
20240319;100005;1405.6;1;9888806370;B
20240319;100006;1405.6;1;9888806577;B
20240319;100006;1405.6;1;9888806580;B
20240319;100006;1405.6;2;9888806624;B
20240319;100006;1405.6;91;9888806635;B
20240319;100006;1405.6;2;9888806972;B
20240319;100006;1405.4;1;9888807838;B
20240319;100006;1405.4;1;9888807842;B
20240319;100007;1405.2;1;9888808207;B
20240319;100007;1405.2;1;9888808445;B
20240319;100007;1404.6;1;9888808660;S
20240319;100007;1405.2;12;9888808737;B
20240319;100008;1405.2;1;9888809053;B
20240319;100008;1405.2;1;9888809293;B
20240319;100008;1405.2;1;9888809294;B
20240319;100010;1405.2;32;9888809762;B
20240319;100010;1405.2;1;9888809768;B
20240319;100010;1405.2;2;9888809890;B
20240319;100010;1404.6;13;9888809931;S
20240319;100010;1405.4;4;9888809998;B
20240319;100010;1405.4;2;9888810005;B
20240319;100010;1404.6;1;9888810128;S
20240319;100011;1405.4;1;9888810445;B
20240319;100016;1405.4;2;9888811507;B
20240319;100017;1404.8;1;9888811757;S
20240319;100019;1404.8;5;9888811941;S
20240319;100023;1405.6;1;9888812963;B
20240319;100026;1405.6;3;9888813835;B
20240319;100028;1405.6;42;9888814134;B
20240319;100029;1405.4;56;9888814267;S
20240319;100029;1405.2;11;9888814268;S
20240319;100029;1405.2;56;9888814269;S
20240319;100029;1405.2;1;9888814270;S
20240319;100029;1405;56;9888814271;S
20240319;100029;1405;20;9888814272;S
20240319;100029;1404.8;137;9888814273;S
20240319;100029;1404.8;100;9888814274;S
20240319;100029;1404.6;112;9888814275;S
20240319;100029;1404.6;1;9888814276;S
20240319;100029;1404.6;1;9888814277;S
20240319;100029;1404.6;1;9888814278;S
20240319;100029;1404.6;2;9888814279;S
20240319;100029;1404.6;16;9888814280;S
20240319;100029;1404.6;2;9888814281;S
20240319;100029;1404.6;4;9888814282;S
20240319;100029;1404.6;1;9888814283;S
20240319;100029;1404.6;2;9888814284;S
20240319;100029;1404.6;1;9888814285;S
20240319;100029;1404.6;10;9888814286;S
20240319;100029;1404.6;1;9888814287;S
20240319;100029;1404.6;130;9888814288;S
20240319;100029;1404.6;1;9888814289;S
20240319;100029;1404.6;2;9888814290;S
20240319;100029;1404.6;1;9888814291;S
20240319;100029;1404.6;2;9888814292;S
20240319;100029;1404.6;2;9888814293;S
20240319;100029;1404.6;1;9888814294;S
20240319;100029;1404.6;1;9888814295;S
20240319;100029;1404.6;1;9888814296;S
20240319;100029;1404.6;1;9888814297;S
20240319;100029;1404.6;267;9888814298;S
20240319;100029;1404.8;54;9888814300;S
20240319;100029;1405.8;2;9888814365;B
20240319;100029;1405.8;9;9888814378;B
20240319;100029;1405.8;4;9888814379;B
20240319;100032;1406;2;9888815067;B
20240319;100032;1406;8;9888815068;B
20240319;100033;1405;20;9888815395;S
20240319;100033;1405;11;9888815396;S
20240319;100033;1404.8;93;9888815397;S
20240319;100038;1404.8;4;9888816646;S
20240319;100041;1405.4;11;9888817173;B
20240319;100041;1405.6;20;9888817174;B
20240319;100041;1405.6;200;9888817175;B
20240319;100041;1405.8;725;9888817176;B
20240319;100047;1405.6;4;9888818425;B
20240319;100047;1405.8;21;9888818426;B
20240319;100048;1405.8;4;9888818707;B
20240319;100049;1405.8;2;9888818843;B
20240319;100049;1405.8;139;9888819046;B
20240319;100052;1405.8;1;9888819722;B
20240319;100054;1405.8;21;9888820347;B
20240319;100058;1405.8;1;9888821319;B
20240319;100058;1405.8;176;9888821448;B
20240319;100058;1406;32;9888821449;B
20240319;100058;1406;12;9888821450;B
20240319;100058;1406;3;9888821451;B
20240319;100058;1406;1;9888821452;B
20240319;100058;1406.2;1;9888821453;B
20240319;100058;1406.2;1;9888821454;B
20240319;100058;1406.4;25;9888821455;B
20240319;100058;1406.6;286;9888821456;B
20240319;100058;1406.6;72;9888821457;B
20240319;100058;1406.6;20;9888821458;B
20240319;100058;1406.8;3;9888821459;B
20240319;100058;1406.8;803;9888821460;B
20240319;100059;1406.8;10;9888821630;B
20240319;100059;1406;1;9888821733;S
20240319;100059;1406.8;1;9888821758;B
20240319;100100;1406.8;33;9888822103;B
20240319;100100;1406;4;9888822109;S
20240319;100101;1406.6;7;9888822172;B
20240319;100102;1406;2;9888822423;S
20240319;100103;1406.6;9;9888822500;B
20240319;100104;1406.2;1;9888822697;B
20240319;100105;1406.6;1;9888822967;B
20240319;100106;1406.6;1;9888823089;B
20240319;100107;1406;6;9888823353;S
20240319;100108;1406.8;4;9888823513;B
20240319;100108;1406.2;1;9888823588;S
20240319;100109;1406.2;19;9888823800;S
20240319;100109;1406;81;9888823801;S
20240319;100114;1406.6;25;9888824584;B
20240319;100114;1406.8;250;9888824585;B
20240319;100117;1406.4;3;9888825196;S
20240319;100117;1406.4;3;9888825197;S
20240319;100117;1406.4;1;9888825198;S
20240319;100117;1406.2;12;9888825199;S
20240319;100121;1406.8;4;9888825740;B
20240319;100121;1406.2;2;9888825772;S
20240319;100121;1406.8;25;9888825801;B
20240319;100127;1406.2;5;9888826804;S
20240319;100128;1406.2;1;9888826961;S
20240319;100128;1406;19;9888826962;S
20240319;100129;1406;181;9888827115;S
20240319;100129;1406;30;9888827116;S
20240319;100129;1406;200;9888827117;S
20240319;100129;1406;20;9888827118;S
20240319;100129;1406;20;9888827274;B
20240319;100132;1405.8;1;9888827756;S
20240319;100133;1406;1;9888827943;B
20240319;100133;1406;2;9888828053;B
20240319;100134;1406;5;9888828144;B
20240319;100134;1406;1;9888828180;B
20240319;100134;1405.8;31;9888828245;S
20240319;100135;1406;15;9888828311;B
20240319;100138;1406;3;9888828846;B
20240319;100138;1405.8;25;9888828862;S
20240319;100139;1405.8;943;9888828944;S
20240319;100139;1405.8;1;9888828945;S
20240319;100139;1405.8;20;9888828946;S
20240319;100139;1405.8;36;9888828947;S
20240319;100139;1406;544;9888828988;B
20240319;100139;1406;56;9888828989;B
20240319;100140;1405.8;12;9888829212;B
20240319;100141;1405.8;10;9888829338;B
20240319;100141;1405.8;9;9888829382;B
20240319;100142;1405.6;1;9888829507;S
20240319;100143;1405.6;7;9888829597;S
20240319;100146;1405.8;6;9888830028;B
20240319;100146;1405.8;1;9888830043;B
20240319;100149;1405.6;7;9888830461;S
20240319;100149;1405.8;1;9888830584;B
20240319;100150;1405.8;81;9888830741;B
20240319;100150;1405.8;39;9888830742;B
20240319;100152;1405.6;40;9888830924;S
20240319;100152;1405.6;13;9888830947;S
20240319;100154;1405.8;15;9888831221;B
20240319;100155;1405.6;10;9888831351;S
20240319;100155;1405.6;1;9888831468;S
20240319;100156;1405.6;63;9888831544;S
20240319;100156;1405.6;2;9888831567;B
20240319;100201;1405.6;10;9888832321;B
20240319;100202;1405.6;125;9888832563;B
20240319;100202;1405.8;1;9888832645;B
20240319;100203;1405.8;3;9888832837;B
20240319;100204;1405.6;50;9888832865;S
20240319;100207;1405.6;1;9888833354;S
20240319;100209;1405.6;24;9888833576;S
20240319;100209;1405.6;1;9888833577;S
20240319;100209;1405.2;1;9888833578;S
20240319;100215;1405.2;55;9888834581;S
20240319;100216;1405.2;1;9888834735;B
20240319;100219;1405.2;1;9888835083;B
20240319;100220;1405.2;43;9888835326;B
20240319;100221;1405.6;25;9888835486;B
20240319;100221;1405.6;10;9888835487;B
20240319;100222;1405.8;22;9888835648;B
20240319;100222;1405.8;1;9888835730;B
20240319;100222;1405.8;1;9888835731;B
20240319;100222;1405.8;3;9888835732;B
20240319;100222;1405.8;25;9888835733;B
20240319;100222;1406;54;9888835734;B
20240319;100223;1406;231;9888835904;B
20240319;100226;1406;212;9888836210;B
20240319;100226;1406;1;9888836211;B
20240319;100226;1406;36;9888836212;B
20240319;100226;1406;1;9888836213;B
20240319;100226;1405.6;1;9888836221;S
20240319;100227;1406;4;9888836290;B
20240319;100227;1406;5;9888836380;B
20240319;100238;1405.8;44;9888837763;B
20240319;100238;1405.8;1;9888837765;B
20240319;100245;1405.4;10;9888839024;S
20240319;100245;1405.8;1;9888839063;B
20240319;100247;1405.4;1;9888839382;S
20240319;100249;1405.6;1;9888839604;B
20240319;100250;1405.2;2;9888839813;S
20240319;100254;1405.2;3;9888840300;S
20240319;100255;1405.8;2;9888840345;B
20240319;100256;1405.8;1;9888840462;B
20240319;100304;1405.2;1;9888841665;S
20240319;100305;1405.8;3;9888841869;B
20240319;100307;1405.8;3;9888842236;B
20240319;100310;1405.8;36;9888842567;B
20240319;100310;1405.8;134;9888842568;B
20240319;100310;1405.4;1;9888842615;S
20240319;100311;1405.8;66;9888842810;B
20240319;100311;1405.8;23;9888842811;B
20240319;100311;1406;1011;9888842812;B
20240319;100311;1406;1;9888842813;B
20240319;100311;1406;10;9888842814;B
20240319;100311;1406;40;9888842815;B
20240319;100311;1405.6;20;9888842873;S
20240319;100317;1405.6;35;9888844083;B
20240319;100317;1405.6;76;9888844084;B
20240319;100317;1405.6;29;9888844085;B
20240319;100324;1406;1;9888845521;B
20240319;100327;1406;39;9888846032;B
20240319;100327;1406;421;9888846033;B
20240319;100327;1406;10;9888846034;B
20240319;100327;1406;319;9888846035;B
20240319;100329;1406;1;9888846521;B
20240319;100331;1405.8;2;9888846846;S
20240319;100332;1406;1;9888847186;B
20240319;100333;1406;1;9888847304;B
20240319;100333;1405.8;1;9888847366;S
20240319;100336;1406;5;9888848001;B
20240319;100337;1406;3;9888848210;B
20240319;100341;1405.8;1;9888848794;S
20240319;100341;1405.8;3;9888848836;S
20240319;100342;1406;2;9888848919;B
20240319;100343;1405.8;1;9888849090;S
20240319;100343;1405.8;1;9888849140;S
20240319;100347;1406;1;9888850007;B
20240319;100349;1406;15;9888850354;B
20240319;100357;1405.8;1;9888851970;S
20240319;100401;1405.8;1;9888852664;S
20240319;100402;1405.8;1;9888852907;S
20240319;100402;1406;1;9888852936;B
20240319;100403;1406;29;9888852940;S
20240319;100403;1406;14;9888852941;S
20240319;100403;1406.2;1;9888853009;B
20240319;100405;1406;6;9888853290;S
20240319;100405;1406;2;9888853291;S
20240319;100405;1406;43;9888853406;S
20240319;100405;1406;17;9888853407;S
20240319;100408;1406.2;1;9888853853;B
20240319;100411;1406;20;9888854274;S
20240319;100411;1406;29;9888854275;S
20240319;100411;1406;1;9888854276;S
20240319;100411;1406;13;9888854335;S
20240319;100412;1406.2;14;9888854448;B
20240319;100416;1406.2;1;9888855256;B
20240319;100416;1406;150;9888855265;S
20240319;100417;1406;25;9888855342;S
20240319;100417;1406.2;10;9888855401;B
20240319;100417;1406.2;40;9888855402;B
20240319;100418;1406.2;1;9888855641;B
20240319;100421;1406;1;9888856000;S
20240319;100422;1406.2;3;9888856225;B
20240319;100423;1406.2;1;9888856418;B
20240319;100425;1406.2;435;9888856828;B
20240319;100425;1406.2;10;9888856829;B
20240319;100425;1406.4;10;9888856830;B
20240319;100425;1406.4;1;9888856831;B
20240319;100425;1406.6;25;9888856832;B
20240319;100425;1406.6;19;9888856833;B
20240319;100426;1406.4;25;9888857192;S
20240319;100428;1406.6;5;9888857492;B
20240319;100428;1406.6;2;9888857493;B
20240319;100428;1406.6;1;9888857494;B
20240319;100428;1406.6;9;9888857506;B
20240319;100428;1406.6;1;9888857507;B
20240319;100430;1406.4;13;9888857860;S
20240319;100431;1406.6;2;9888858061;B
20240319;100431;1406.4;25;9888858067;S
20240319;100435;1406.4;16;9888858927;S
20240319;100436;1406.6;1;9888859227;B
20240319;100436;1406.6;2;9888859228;B
20240319;100437;1406.6;2;9888859425;B
20240319;100438;1406.6;1;9888859625;B
20240319;100438;1406.6;1;9888859626;B
20240319;100438;1406.6;4;9888859683;B
20240319;100438;1406.6;5;9888859739;B
20240319;100438;1406.6;5;9888859740;B
20240319;100439;1406.6;1;9888859746;B
20240319;100439;1406.6;2;9888859751;B
20240319;100439;1406.6;5;9888859755;B
20240319;100439;1406.6;7;9888859756;B
20240319;100440;1406.6;2;9888859875;B
20240319;100441;1406.4;25;9888860153;S
20240319;100441;1406.6;1;9888860208;B
20240319;100442;1406.6;1;9888860259;B
20240319;100442;1406.6;1;9888860270;B
20240319;100443;1406.4;8;9888860417;S
20240319;100443;1406.6;10;9888860430;B
20240319;100443;1406.6;1;9888860478;B
20240319;100444;1406.6;1;9888860579;B
20240319;100444;1406.6;3;9888860620;B
20240319;100444;1406.6;1;9888860621;B
20240319;100444;1406.4;1;9888860650;S
20240319;100446;1406.6;1;9888860875;B
20240319;100446;1406.6;1;9888860876;B
20240319;100447;1406.6;7;9888860972;B
20240319;100449;1406.4;7;9888861335;S
20240319;100449;1406.4;3;9888861336;S
20240319;100449;1406.4;1;9888861461;S
20240319;100449;1406.4;4;9888861529;S
20240319;100451;1406.6;2;9888861942;B
20240319;100453;1406.4;3;9888862230;S
20240319;100453;1406.4;14;9888862395;S
20240319;100454;1406.6;4;9888862495;B
20240319;100454;1406.4;1;9888862519;S
20240319;100455;1406.4;1;9888862550;S
20240319;100457;1406.6;4;9888863016;B
20240319;100459;1406.6;1;9888863342;B
20240319;100500;1406.6;2;9888863480;B
20240319;100502;1406.6;5;9888863981;B
20240319;100503;1406.4;5;9888864130;S
20240319;100504;1406.6;10;9888864352;B
20240319;100507;1406.6;13;9888864771;B
20240319;100507;1406.6;1;9888864843;B
20240319;100507;1406.6;20;9888864858;B
20240319;100508;1406.4;24;9888864897;S
20240319;100508;1406.4;44;9888864898;S
20240319;100508;1406.4;20;9888864899;S
20240319;100508;1406.4;46;9888864900;S
20240319;100508;1406.4;9;9888864901;S
20240319;100509;1406.6;2;9888865031;B
20240319;100511;1406.6;2;9888865501;B
20240319;100511;1406.4;5;9888865513;S
20240319;100511;1406.4;20;9888865514;S
20240319;100513;1406.4;10;9888865856;S
20240319;100513;1406.4;5;9888865857;S
20240319;100513;1406.4;56;9888865858;S
20240319;100513;1406.4;54;9888865859;S
20240319;100513;1406.4;48;9888865860;S
20240319;100514;1406.4;29;9888865940;S
20240319;100514;1406.4;161;9888865941;S
20240319;100514;1406.4;4;9888865949;S
20240319;100515;1406.4;1;9888866149;B
20240319;100516;1406.4;227;9888866330;B
20240319;100516;1406.4;4;9888866331;B
20240319;100516;1406.4;48;9888866332;B
20240319;100516;1406.6;429;9888866333;B
20240319;100516;1406.6;192;9888866334;B
20240319;100517;1406.6;1;9888866499;B
20240319;100520;1406.4;1;9888867113;B
20240319;100521;1406.4;1;9888867309;B
20240319;100522;1406.2;3;9888867529;S
20240319;100522;1406.2;3;9888867555;S
20240319;100522;1406.2;4;9888867629;S
20240319;100522;1406.2;4;9888867651;S
20240319;100522;1406.2;14;9888867691;S
20240319;100523;1406.4;1;9888867823;B
20240319;100523;1406.4;1;9888867889;B
20240319;100523;1406.4;1;9888867973;B
20240319;100525;1406.2;1;9888868194;S
20240319;100525;1406.4;2;9888868304;B
20240319;100528;1406.4;20;9888868831;B
20240319;100528;1406.4;2;9888868835;B
20240319;100529;1406.2;21;9888869055;S
20240319;100529;1406.2;7;9888869056;S
20240319;100530;1406.2;13;9888869169;S
20240319;100530;1406.2;20;9888869170;S
20240319;100530;1406.2;8;9888869171;S
20240319;100530;1406.2;36;9888869172;S
20240319;100530;1406;157;9888869173;S
20240319;100530;1406;21;9888869174;S
20240319;100530;1406;37;9888869175;S
20240319;100530;1406.2;47;9888869206;B
20240319;100530;1406.4;51;9888869207;B
20240319;100530;1406.4;13;9888869208;B
20240319;100530;1406.4;1;9888869213;B
20240319;100530;1406;5;9888869245;S
20240319;100533;1406;33;9888869687;S
20240319;100533;1406.2;1;9888869695;B
20240319;100535;1406;1;9888869921;S
20240319;100535;1406.2;5;9888869945;B
20240319;100535;1406.2;3;9888869946;B
20240319;100535;1406;1;9888869947;S
20240319;100535;1406;1;9888869948;S
20240319;100535;1406;1;9888869955;S
20240319;100535;1406.2;1;9888869977;B
20240319;100536;1406;50;9888870111;S
20240319;100537;1406.2;7;9888870227;B
20240319;100539;1406.2;4;9888870601;B
20240319;100539;1406.2;12;9888870602;B
20240319;100539;1406.2;4;9888870603;B
20240319;100540;1406.2;1;9888870784;B
20240319;100540;1406.2;2;9888870876;B
20240319;100541;1406;1;9888871001;S
20240319;100542;1406;1;9888871092;S
20240319;100542;1406;1;9888871123;S
20240319;100543;1406.2;1;9888871207;B
20240319;100543;1406;5;9888871259;S
20240319;100544;1406;100;9888871279;S
20240319;100545;1406.2;1;9888871528;B
20240319;100546;1406;5;9888871654;S
20240319;100546;1406;20;9888871670;S
20240319;100548;1406.2;42;9888871943;B
20240319;100548;1406.2;35;9888871944;B
20240319;100548;1406;20;9888871967;S
20240319;100549;1406.2;3;9888872186;B
20240319;100551;1406;894;9888872320;S
20240319;100551;1406;11;9888872321;S
20240319;100551;1406;2;9888872322;S
20240319;100551;1406;20;9888872323;S
20240319;100551;1406;100;9888872324;S
20240319;100551;1405.8;5;9888872325;S
20240319;100551;1405.6;1;9888872326;S
20240319;100551;1405.6;1;9888872327;S
20240319;100551;1405.6;9;9888872328;S
20240319;100551;1405.6;13;9888872329;S
20240319;100551;1405.6;5;9888872330;S
20240319;100551;1405.6;5;9888872331;S
20240319;100551;1405.6;5;9888872332;S
20240319;100551;1405.6;5;9888872333;S
20240319;100551;1405.6;5;9888872334;S
20240319;100551;1405.6;3;9888872335;S
20240319;100551;1405.6;1;9888872336;S
20240319;100551;1405.6;11;9888872337;S
20240319;100551;1405.6;13;9888872338;S
20240319;100551;1405.4;11;9888872339;S
20240319;100551;1405.4;13;9888872340;S
20240319;100551;1405.4;13;9888872341;S
20240319;100551;1405.4;11;9888872342;S
20240319;100551;1405.4;8;9888872343;S
20240319;100551;1405.4;1;9888872374;S
20240319;100555;1405.6;2;9888872871;B
20240319;100557;1405.4;1;9888873179;S
20240319;100557;1405.6;1;9888873218;B
20240319;100557;1405.4;15;9888873219;S
20240319;100557;1405.8;25;9888873234;B
20240319;100601;1405.8;15;9888873734;B
20240319;100601;1405.8;1;9888873825;B
20240319;100602;1405.8;5;9888873928;B
20240319;100602;1405.6;1;9888873977;B
20240319;100608;1405.4;73;9888875397;S
20240319;100608;1405.4;1;9888875482;S
20240319;100608;1405.6;10;9888875526;B
20240319;100609;1405.4;1;9888875697;S
20240319;100611;1405.4;14;9888876021;S
20240319;100613;1405.6;3;9888876190;B
20240319;100615;1405.6;5;9888876579;B
20240319;100615;1405.4;1;9888876581;S
20240319;100619;1405.6;20;9888877143;B
20240319;100620;1405.4;3;9888877313;S
20240319;100624;1405.4;5;9888878151;S
20240319;100626;1405.6;5;9888878675;B
20240319;100628;1405.8;4;9888878910;B
20240319;100628;1405.4;5;9888878916;S
20240319;100630;1405.4;9;9888879150;S
20240319;100630;1405.6;3;9888879168;B
20240319;100630;1405.6;22;9888879169;B
20240319;100630;1405.6;10;9888879177;B
20240319;100631;1405.6;5;9888879286;B
20240319;100632;1405.4;9;9888879395;S
20240319;100633;1405.4;30;9888879670;S
20240319;100638;1405.6;5;9888880331;B
20240319;100638;1405.6;1;9888880424;B
20240319;100638;1405.6;1;9888880430;B
20240319;100641;1405.6;4;9888880696;B
20240319;100642;1405.6;31;9888880927;B
20240319;100643;1405.6;1;9888880968;B
20240319;100643;1405.6;50;9888881184;B
20240319;100645;1405.4;1;9888881475;S
20240319;100647;1405.6;6;9888882241;B
20240319;100648;1405.4;22;9888882247;S
20240319;100648;1405.4;69;9888882360;S
20240319;100651;1405.6;5;9888882893;B
20240319;100651;1405.4;20;9888882897;S
20240319;100651;1405.4;6;9888882914;S
20240319;100653;1405.4;20;9888883236;S
20240319;100656;1405.6;1;9888883641;B
20240319;100657;1405.4;1;9888883746;S
20240319;100657;1405.4;30;9888883868;S
20240319;100658;1405.4;509;9888883893;S
20240319;100700;1405.6;1;9888884213;B
20240319;100710;1405.6;1;9888885641;B
20240319;100714;1405.6;100;9888886332;B
20240319;100715;1405.4;98;9888886457;S
20240319;100715;1405.4;2;9888886458;S
20240319;100715;1405.4;30;9888886581;S
20240319;100716;1405.4;12;9888886699;S
20240319;100716;1405.2;15;9888886700;S
20240319;100716;1405.2;17;9888886701;S
20240319;100717;1405.2;13;9888886947;S
20240319;100717;1405.2;10;9888886948;S
20240319;100717;1405.2;25;9888886949;S
20240319;100717;1405;1;9888886950;S
20240319;100717;1405;1;9888886951;S
20240319;100717;1405;3;9888886952;S
20240319;100717;1405;100;9888886953;S
20240319;100717;1405;1;9888886954;S
20240319;100717;1405;26;9888886955;S
20240319;100717;1405;26;9888886956;S
20240319;100717;1405;23;9888886957;S
20240319;100717;1405.2;6;9888886982;B
20240319;100718;1405.2;3;9888887070;B
20240319;100718;1405;10;9888887123;S
20240319;100722;1405.2;1;9888887636;B
20240319;100722;1405.2;1;9888887640;B
20240319;100723;1405.2;1;9888887738;B
20240319;100724;1405;12;9888887903;S
20240319;100725;1405;1;9888888036;S
20240319;100728;1405.2;1;9888888497;B
20240319;100731;1405;6;9888888909;S
20240319;100731;1405.2;1;9888888965;B
20240319;100732;1405;1;9888889087;S
20240319;100732;1405.2;5;9888889140;B
20240319;100733;1405.2;10;9888889234;B
20240319;100733;1405.2;16;9888889235;B
20240319;100733;1405.2;62;9888889236;B
20240319;100733;1405.4;13;9888889237;B
20240319;100733;1405.4;214;9888889238;B
20240319;100733;1405.4;24;9888889239;B
20240319;100733;1405.6;216;9888889240;B
20240319;100734;1405.4;3;9888889489;B
20240319;100739;1405;6;9888890092;S
20240319;100739;1405;1;9888890163;S
20240319;100741;1405.2;3;9888890325;B
20240319;100741;1405;6;9888890354;S
20240319;100742;1405;81;9888890485;S
20240319;100743;1405.2;1;9888890682;B
20240319;100744;1405;2;9888890811;S
20240319;100745;1405.2;1;9888890879;B
20240319;100745;1405.2;57;9888890880;B
20240319;100745;1405.4;53;9888890881;B
20240319;100745;1405.4;1;9888890883;B
20240319;100746;1405.4;10;9888891079;B
20240319;100746;1405;178;9888891098;S
20240319;100749;1405;1;9888891470;S
20240319;100752;1405.2;1;9888891943;B
20240319;100756;1405.2;1;9888892297;B
20240319;100758;1405;1;9888892561;S
20240319;100800;1405.2;1;9888892858;B
20240319;100801;1405.2;15;9888893010;B
20240319;100802;1405;119;9888893147;S
20240319;100802;1405;1;9888893148;S
20240319;100802;1405;4;9888893149;S
20240319;100802;1405;3;9888893150;S
20240319;100802;1405;5;9888893151;S
20240319;100802;1404.8;8;9888893152;S
20240319;100802;1405.2;3;9888893223;B
20240319;100805;1405.2;1;9888893527;B
20240319;100805;1405;5;9888893598;S
20240319;100807;1405.2;10;9888893786;B
20240319;100810;1404.8;1;9888894282;S
20240319;100813;1404.8;1;9888894546;S
20240319;100813;1404.8;1;9888894586;S
20240319;100813;1404.8;100;9888894600;S
20240319;100815;1404.8;19;9888894861;S
20240319;100815;1404.8;1;9888894865;S
20240319;100816;1404.8;1;9888894895;S
20240319;100817;1405;1;9888895146;B
20240319;100819;1404.8;30;9888895478;S
20240319;100821;1404.8;4;9888895737;S
20240319;100825;1404.8;1;9888896163;S
20240319;100827;1405.2;3;9888896432;B
20240319;100827;1405.2;2;9888896445;B
20240319;100829;1404.8;70;9888896587;S
20240319;100829;1405;20;9888896665;B
20240319;100829;1405.2;4;9888896666;B
20240319;100829;1405.2;26;9888896667;B
20240319;100831;1404.8;2;9888896814;S
20240319;100834;1405.2;28;9888897131;B
20240319;100834;1405.2;31;9888897132;B
20240319;100840;1405.2;1;9888897887;B
20240319;100841;1405;1;9888897998;B
20240319;100841;1404.8;4;9888898010;S
20240319;100842;1405.2;1;9888898089;B
20240319;100846;1405;1;9888898617;B
20240319;100853;1404.8;2;9888899526;S
20240319;100854;1405.2;1;9888899628;B
20240319;100854;1404.8;1;9888899687;S
20240319;100856;1405;4;9888899861;B
20240319;100858;1404.8;5;9888900108;S
20240319;100859;1405;1;9888900281;B
20240319;100859;1405;1;9888900292;B
20240319;100859;1405;4;9888900313;B
20240319;100900;1405;82;9888900354;B
20240319;100900;1405;2;9888900355;B
20240319;100900;1405;16;9888900356;B
20240319;100901;1404.8;7;9888900487;S
20240319;100902;1404.8;1;9888900727;S
20240319;100904;1405;1;9888900880;B
20240319;100904;1404.8;1;9888900931;S
20240319;100905;1405;2;9888900972;B
20240319;100916;1404.8;1;9888902420;S
20240319;100917;1405;8;9888902697;B
20240319;100919;1405.2;1;9888903014;B
20240319;100925;1404.8;39;9888903643;S
20240319;100925;1404.8;24;9888903644;S
20240319;100925;1404.8;5;9888903645;S
20240319;100925;1404.8;4;9888903646;S
20240319;100925;1404.8;52;9888903721;S
20240319;100925;1404.6;48;9888903722;S
20240319;100927;1405;1;9888903919;B
20240319;100927;1405;8;9888903934;B
20240319;100930;1405;2;9888904242;B
20240319;100932;1405;7;9888904483;B
20240319;100936;1404.6;25;9888904841;S
20240319;100936;1404.6;1743;9888904846;S
20240319;100936;1404.6;8;9888904847;S
20240319;100936;1404.6;1;9888904848;S
20240319;100936;1404.6;2;9888904849;S
20240319;100936;1404.6;17;9888904850;S
20240319;100936;1404.6;56;9888904851;S
20240319;100936;1404.4;56;9888904852;S
20240319;100936;1404.4;2;9888904853;S
20240319;100936;1404.4;10;9888904854;S
20240319;100936;1404.4;56;9888904855;S
20240319;100936;1404.4;20;9888904856;S
20240319;100936;1404.2;40;9888904857;S
20240319;100936;1404.2;11;9888904858;S
20240319;100936;1404.2;54;9888904859;S
20240319;100936;1404.2;2;9888904860;S
20240319;100936;1404.4;100;9888904861;B
20240319;100936;1404.2;57;9888904862;B
20240319;100936;1404.2;43;9888904863;B
20240319;100936;1404;6;9888904864;S
20240319;100936;1404;2;9888904865;S
20240319;100936;1404;2;9888904866;S
20240319;100936;1404;1;9888904867;S
20240319;100936;1404;1;9888904868;S
20240319;100936;1404;1;9888904869;S
20240319;100936;1404;2;9888904870;S
20240319;100936;1404;2;9888904871;S
20240319;100936;1404;5;9888904872;S
20240319;100936;1404;1;9888904873;S
20240319;100936;1404;3;9888904874;S
20240319;100936;1404;109;9888904875;S
20240319;100936;1404;53;9888904876;S
20240319;100936;1404;4;9888904878;S
20240319;100937;1404;46;9888904986;S
20240319;100937;1404;1;9888904987;S
20240319;100937;1404;3;9888904988;S
20240319;100937;1404.2;10;9888905028;B
20240319;100937;1404.2;7;9888905062;B
20240319;100942;1404.2;1;9888905574;B
20240319;100942;1404;1;9888905621;S
20240319;100946;1404;1;9888906032;S
20240319;100946;1403.8;1;9888906033;S
20240319;100946;1403.8;6;9888906034;S
20240319;100946;1403.8;7;9888906035;S
20240319;100946;1403.8;2;9888906073;S
20240319;100949;1403.8;2;9888906470;S
20240319;100949;1404;1;9888906494;B
20240319;100949;1404;1;9888906495;B
20240319;100949;1404;1;9888906498;B
20240319;100950;1404;7;9888906543;B
20240319;100951;1404;2;9888906663;B
20240319;100951;1404;1;9888906742;B
20240319;100952;1403.8;7;9888906818;S
20240319;100952;1403.8;4;9888906850;S
20240319;100953;1404;1;9888906869;B
20240319;100953;1404;1;9888906937;B
20240319;100953;1403.8;2;9888906999;S
20240319;100956;1404;1;9888907240;B
20240319;100956;1404;1;9888907274;B
20240319;100956;1404;1;9888907324;B
20240319;100957;1404;1;9888907392;B
20240319;100958;1404;1;9888907466;B
20240319;100958;1404;1;9888907467;B
20240319;100958;1404;1;9888907571;B
20240319;101006;1403.8;100;9888908655;S
20240319;101008;1404;1;9888908863;B
20240319;101012;1403.8;1;9888909332;S
20240319;101014;1403.8;1;9888909540;S
20240319;101015;1403.8;2;9888909659;S
20240319;101015;1403.8;3;9888909696;S
20240319;101016;1403.8;3;9888909719;S
20240319;101016;1403.8;7;9888909720;S
20240319;101016;1404;1;9888909744;B
20240319;101016;1404;2;9888909795;B
20240319;101018;1403.8;4;9888909975;S
20240319;101019;1403.8;1;9888910079;B
20240319;101020;1403.8;1;9888910151;B
20240319;101021;1403.8;14;9888910246;B
20240319;101024;1403.8;1;9888910519;B
20240319;101025;1403.6;1;9888910702;S
20240319;101027;1403.4;3;9888910904;S
20240319;101034;1403.4;1;9888911616;S
20240319;101034;1403.4;39;9888911617;S
20240319;101034;1403.4;1;9888911618;S
20240319;101034;1403.4;1;9888911707;S
20240319;101035;1403.4;1;9888911824;S
20240319;101039;1403.4;22;9888912335;S
20240319;101044;1403.8;2;9888912914;B
20240319;101047;1403.8;1;9888913159;B
20240319;101047;1403.8;1;9888913177;B
20240319;101049;1403.8;1;9888913493;B
20240319;101058;1404;2;9888915064;B
20240319;101101;1404;1;9888915294;B
20240319;101101;1404;1;9888915295;B
20240319;101102;1404.2;1;9888915492;B
20240319;101102;1404;1;9888915608;S
20240319;101103;1404.2;101;9888915868;B
20240319;101104;1404;4;9888916001;S
20240319;101104;1404;12;9888916086;S
20240319;101106;1404.2;1;9888916230;B
20240319;101107;1404;1;9888916381;S
20240319;101107;1404;38;9888916396;S
20240319;101107;1404;18;9888916397;S
20240319;101111;1404;1;9888916879;S
20240319;101112;1404.2;3;9888916900;B
20240319;101112;1404.4;27;9888916901;B
20240319;101114;1404.4;2;9888917167;B
20240319;101120;1404.4;1;9888917848;B
20240319;101121;1404.4;7;9888917901;B
20240319;101122;1404.4;11;9888918092;B
20240319;101123;1404.4;1;9888918142;B
20240319;101123;1404.2;21;9888918162;S
20240319;101124;1404.4;1;9888918245;B
20240319;101126;1404.2;5;9888918475;S
20240319;101126;1404.2;2;9888918481;S
20240319;101127;1404.2;1;9888918537;S
20240319;101127;1404.2;1;9888918538;S
20240319;101130;1404.4;1;9888918974;B
20240319;101131;1404.2;20;9888919088;S
20240319;101131;1404.2;52;9888919089;S
20240319;101131;1404.2;10;9888919090;S
20240319;101131;1404.2;1;9888919098;B
20240319;101132;1404;1;9888919194;S
20240319;101135;1404.2;1;9888919560;B
20240319;101135;1404.2;3;9888919569;B
20240319;101138;1404;20;9888919940;S
20240319;101138;1404;1;9888920058;S
20240319;101138;1404;23;9888920062;S
20240319;101138;1404;56;9888920063;S
20240319;101138;1404;3;9888920064;S
20240319;101138;1404;51;9888920065;S
20240319;101138;1403.8;17;9888920066;S
20240319;101139;1403.8;39;9888920215;S
20240319;101139;1403.8;176;9888920216;S
20240319;101139;1403.8;142;9888920217;S
20240319;101139;1403.6;56;9888920218;S
20240319;101139;1403.6;51;9888920219;S
20240319;101139;1403.4;10;9888920220;S
20240319;101139;1403.4;55;9888920221;S
20240319;101139;1403.4;11;9888920222;S
20240319;101139;1403.4;177;9888920223;S
20240319;101139;1403.4;20;9888920224;S
20240319;101139;1403.4;56;9888920225;S
20240319;101139;1403.2;9;9888920226;S
20240319;101139;1403.2;15;9888920227;S
20240319;101139;1403.2;1;9888920228;S
20240319;101139;1403.2;200;9888920229;S
20240319;101139;1403.2;70;9888920230;S
20240319;101139;1403.2;30;9888920231;S
20240319;101139;1403.2;1;9888920232;S
20240319;101139;1403.2;120;9888920233;S
20240319;101139;1403.2;20;9888920234;S
20240319;101139;1403.2;550;9888920235;S
20240319;101139;1403.2;286;9888920236;S
20240319;101139;1403.2;100;9888920237;S
20240319;101139;1403.2;60;9888920238;S
20240319;101139;1403;6200;9888920239;S
20240319;101139;1403;35;9888920240;S
20240319;101139;1403;1;9888920241;S
20240319;101139;1403;1;9888920242;S
20240319;101139;1403;5;9888920243;S
20240319;101139;1403;3;9888920244;S
20240319;101139;1403;1;9888920245;S
20240319;101139;1403;1;9888920246;S
20240319;101139;1403;1;9888920247;S
20240319;101139;1403;2;9888920248;S
20240319;101139;1403;1;9888920249;S
20240319;101139;1403;600;9888920250;S
20240319;101139;1403;100;9888920251;B
20240319;101139;1402.6;1;9888920252;S
20240319;101139;1402.6;59;9888920253;S
20240319;101141;1402.8;20;9888920679;B
20240319;101141;1402.8;10;9888920680;B
20240319;101141;1403;35;9888920681;B
20240319;101142;1402.8;1;9888920834;B
20240319;101143;1402.8;1;9888920968;B
20240319;101144;1402.6;10;9888921032;S
20240319;101145;1402.8;3;9888921239;B
20240319;101148;1402.8;20;9888921509;B
20240319;101148;1403;8;9888921510;B
20240319;101149;1402.4;3;9888921639;S
20240319;101149;1402.4;1;9888921727;B
20240319;101150;1402.4;14;9888921774;B
20240319;101150;1402.4;12;9888921888;B
20240319;101151;1402.4;70;9888921904;B
20240319;101151;1402.4;30;9888921905;B
20240319;101152;1402.2;1;9888922030;S
20240319;101152;1402.2;4;9888922031;S
20240319;101152;1402.2;10;9888922032;S
20240319;101153;1402.2;10;9888922216;S
20240319;101153;1402;4;9888922217;S
20240319;101153;1402;5;9888922218;S
20240319;101153;1402;1;9888922219;S
20240319;101153;1402;10;9888922228;S
20240319;101153;1402;7;9888922242;S
20240319;101153;1402;16;9888922243;S
20240319;101154;1402;194;9888922266;S
20240319;101154;1402;1;9888922267;S
20240319;101154;1402;5;9888922268;S
20240319;101154;1402;1;9888922269;S
20240319;101154;1401.8;1;9888922270;S
20240319;101154;1401.8;48;9888922271;S
20240319;101155;1402.2;1;9888922384;B
20240319;101200;1401.8;3;9888923025;S
20240319;101200;1402.2;1;9888923069;B
20240319;101201;1402.2;4;9888923325;B
20240319;101202;1402;1;9888923465;S
20240319;101202;1401.8;3;9888923515;S
20240319;101203;1402;1;9888923557;B
20240319;101204;1402;1;9888923851;B
20240319;101204;1402;4;9888923879;B
20240319;101205;1401.8;1;9888923997;S
20240319;101205;1401.8;1;9888924031;S
20240319;101205;1402;10;9888924037;B
20240319;101206;1401.8;1;9888924112;S
20240319;101206;1402;19;9888924135;B
20240319;101208;1402;7;9888924285;B
20240319;101209;1402;4;9888924419;B
20240319;101210;1402;2;9888924462;B
20240319;101213;1401.8;1;9888924985;S
20240319;101213;1401.4;1;9888924986;S
20240319;101214;1401.4;1;9888925057;S
20240319;101214;1401.6;10;9888925066;B
20240319;101218;1401.6;3;9888925753;B
20240319;101220;1401.4;2;9888926083;S
20240319;101221;1401.6;1;9888926175;B
20240319;101224;1401.4;1;9888926541;S
20240319;101225;1401.6;13;9888926712;B
20240319;101229;1401.6;4;9888927010;B
20240319;101229;1401.6;6;9888927011;B
20240319;101231;1401.6;4;9888927339;B
20240319;101231;1401.6;1;9888927356;B
20240319;101232;1401.6;43;9888927438;B
20240319;101232;1401.8;1;9888927439;B
20240319;101232;1401.8;2;9888927440;B
20240319;101232;1401.8;4;9888927441;B
20240319;101232;1401.6;100;9888927478;B
20240319;101234;1401.4;5;9888927699;S
20240319;101234;1401.4;38;9888927700;S
20240319;101235;1401.4;62;9888927826;S
20240319;101235;1401.4;1;9888927827;S
20240319;101236;1401.4;141;9888927893;S
20240319;101236;1401.2;15;9888927894;S
20240319;101236;1401.2;1;9888927895;S
20240319;101236;1401.2;2;9888927896;S
20240319;101236;1401.2;2;9888927897;S
20240319;101236;1401.2;20;9888927898;S
20240319;101236;1401.2;43;9888927899;S
20240319;101236;1401;1;9888927900;S
20240319;101236;1401;5;9888927901;S
20240319;101236;1401;10;9888927902;S
20240319;101236;1401;1;9888927903;S
20240319;101236;1401;100;9888927904;S
20240319;101236;1401;56;9888927905;S
20240319;101236;1401;1;9888927906;S
20240319;101236;1401;11;9888927907;S
20240319;101236;1401;60;9888927908;S
20240319;101236;1401;6;9888927909;S
20240319;101236;1400.8;56;9888927910;S
20240319;101236;1400.6;7;9888927911;S
20240319;101236;1400.6;10;9888927912;S
20240319;101236;1400.6;2;9888927913;S
20240319;101236;1400.6;5;9888927914;S
20240319;101236;1400.6;56;9888927915;S
20240319;101236;1400.6;6;9888927916;S
20240319;101236;1400.6;73;9888927917;S
20240319;101236;1401.4;1;9888927918;B
20240319;101236;1401.4;43;9888927919;B
20240319;101236;1401.4;56;9888927920;B
20240319;101236;1401.4;17;9888927921;B
20240319;101237;1401.6;3;9888927963;B
20240319;101237;1401.6;11;9888927964;B
20240319;101237;1401.6;10;9888927971;S
20240319;101238;1401.6;11;9888928070;B
20240319;101238;1401.8;48;9888928071;B
20240319;101240;1401;7;9888928433;S
20240319;101241;1401;135;9888928559;S
20240319;101241;1401;1;9888928560;S
20240319;101241;1401;42;9888928561;S
20240319;101242;1401;20;9888928663;B
20240319;101242;1401;10;9888928738;B
20240319;101243;1400.8;2;9888928825;S
20240319;101243;1401;2;9888928828;B
20240319;101243;1401;4;9888928842;B
20240319;101247;1400.8;1;9888929328;S
20240319;101249;1400.8;2;9888929764;S
20240319;101253;1401;15;9888930299;B
20240319;101254;1401;2;9888930350;B
20240319;101257;1400.8;5;9888930638;S
20240319;101258;1401;100;9888930714;B
20240319;101258;1401;1;9888930753;B
20240319;101258;1400.8;13;9888930754;S
20240319;101301;1401;1;9888931030;B
20240319;101301;1400.8;20;9888931031;S
20240319;101301;1401;1;9888931079;B
20240319;101301;1401;1;9888931080;B
20240319;101305;1401;561;9888931728;B
20240319;101306;1401;1;9888931838;B
20240319;101307;1401;3;9888932072;B
20240319;101308;1400.8;13;9888932331;S
20240319;101308;1400.8;87;9888932332;S
20240319;101308;1401;200;9888932368;B
20240319;101309;1401;1;9888932435;B
20240319;101309;1401;5;9888932460;B
20240319;101309;1401;3;9888932505;B
20240319;101311;1400.8;100;9888932658;S
20240319;101311;1401;54;9888932662;B
20240319;101312;1400.8;1;9888932745;S
20240319;101313;1400.8;1;9888933019;S
20240319;101313;1401;100;9888933038;B
20240319;101317;1401;23;9888933758;B
20240319;101317;1401;10;9888933885;B
20240319;101318;1401;10;9888933907;B
20240319;101318;1401;10;9888933932;B
20240319;101318;1401;10;9888933947;B
20240319;101318;1401;10;9888933963;B
20240319;101318;1401;10;9888933984;B
20240319;101318;1401;7;9888934001;B
20240319;101319;1400.8;7;9888934251;S
20240319;101322;1401;2;9888934820;B
20240319;101325;1401;1;9888935255;B
20240319;101328;1401;1;9888935611;B
20240319;101328;1400.8;1;9888935634;S
20240319;101328;1400.8;7;9888935635;S
20240319;101329;1400.8;28;9888935709;S
20240319;101329;1400.8;72;9888935710;S
20240319;101330;1401;4;9888935760;B
20240319;101330;1401;1;9888935872;B
20240319;101330;1400.8;47;9888935885;S
20240319;101330;1400.8;23;9888935886;S
20240319;101331;1401;18;9888935963;B
20240319;101331;1400.8;17;9888935968;S
20240319;101332;1401;1;9888936063;B
20240319;101332;1401;100;9888936155;B
20240319;101333;1401;519;9888936201;B
20240319;101333;1401;20;9888936202;B
20240319;101333;1401;1;9888936203;B
20240319;101333;1401.2;10;9888936204;B
20240319;101333;1401.2;4;9888936205;B
20240319;101333;1401.6;2;9888936206;B
20240319;101333;1401.6;98;9888936207;B
20240319;101335;1402;1;9888936504;B
20240319;101338;1402.2;1;9888937034;B
20240319;101341;1401.6;15;9888937541;S
20240319;101342;1402.2;7;9888937611;B
20240319;101343;1401.6;1;9888937914;S
20240319;101348;1401.6;100;9888938680;S
20240319;101352;1401.6;1;9888939116;S
20240319;101352;1402.2;21;9888939117;B
20240319;101353;1401.6;1;9888939243;S
20240319;101358;1401.8;2;9888940032;S
20240319;101401;1401.8;1;9888940454;S
20240319;101402;1401.8;4;9888940487;S
20240319;101407;1402.2;2;9888941257;S
20240319;101407;1402;2;9888941258;S
20240319;101409;1402;1;9888941758;B
20240319;101410;1402;1;9888941829;B
20240319;101411;1401.8;13;9888942073;S
20240319;101411;1401.8;3;9888942074;S
20240319;101411;1401.8;1;9888942089;S
20240319;101412;1401.8;100;9888942147;S
20240319;101417;1401.8;2;9888943001;S
20240319;101417;1402;2;9888943070;B
20240319;101418;1402;1;9888943115;B
20240319;101418;1402.4;20;9888943163;B
20240319;101418;1402.6;53;9888943164;B
20240319;101418;1402;1;9888943236;S
20240319;101420;1402;1;9888943406;S
20240319;101420;1402;2;9888943527;S
20240319;101420;1401.8;8;9888943528;S
20240319;101424;1402.6;1;9888944034;B
20240319;101425;1402;2;9888944128;B
20240319;101427;1402;1;9888944387;B
20240319;101432;1402.4;1;9888945219;B
20240319;101434;1402.4;2;9888945470;B
20240319;101435;1402.4;50;9888945583;B
20240319;101436;1402.4;1;9888945679;B
20240319;101438;1401.8;4;9888945956;S
20240319;101438;1401.8;1;9888945957;S
20240319;101438;1401.8;95;9888945958;S
20240319;101445;1402;1;9888947248;S
20240319;101453;1402.4;1;9888948444;B
20240319;101454;1402.4;1;9888948635;B
20240319;101458;1402.6;2;9888949321;B
20240319;101500;1402.6;1;9888949626;B
20240319;101502;1402.2;75;9888950073;S
20240319;101502;1402.6;2;9888950160;B
20240319;101502;1402.2;45;9888950184;S
20240319;101506;1402.2;1;9888951909;S
20240319;101506;1402.2;214;9888952143;S
20240319;101506;1402;3;9888952144;S
20240319;101506;1402;250;9888952145;S
20240319;101506;1402;44;9888952146;S
20240319;101506;1401.8;1;9888952147;S
20240319;101506;1401.8;1;9888952148;S
20240319;101506;1401.8;11;9888952149;S
20240319;101506;1401.8;1;9888952150;S
20240319;101506;1401.8;1;9888952151;S
20240319;101506;1401.8;1;9888952152;S
20240319;101506;1401.8;3;9888952153;S
20240319;101510;1402.4;1;9888953402;B
20240319;101512;1402;1;9888953811;S
20240319;101514;1402;6;9888954325;S
20240319;101517;1402;1;9888955161;S
20240319;101518;1402;1;9888955333;S
20240319;101518;1402;1;9888955396;S
20240319;101521;1402;1;9888955959;S
20240319;101521;1402;171;9888955960;S
20240319;101521;1402;43;9888955961;S
20240319;101521;1401.8;7;9888955962;S
20240319;101521;1401.8;40;9888955963;S
20240319;101521;1401.8;200;9888955964;S
20240319;101521;1401.8;11;9888955965;S
20240319;101521;1401.8;2;9888955966;S
20240319;101521;1401.4;6;9888955967;S
20240319;101521;1401.4;1;9888955968;S
20240319;101521;1401.4;30;9888955969;S
20240319;101521;1401.4;20;9888955970;S
20240319;101521;1401.4;60;9888955971;S
20240319;101521;1401.4;208;9888955972;S
20240319;101521;1401.8;10;9888956019;B
20240319;101522;1401.8;1;9888956156;B
20240319;101523;1401.8;2;9888956310;B
20240319;101526;1401.2;1;9888957033;S
20240319;101526;1401.2;1;9888957106;S
20240319;101530;1401.2;1;9888957800;S
20240319;101530;1401.2;1;9888957886;S
20240319;101531;1401.2;1;9888958176;S
20240319;101532;1401.2;1;9888958331;S
20240319;101537;1401.6;1;9888959681;B
20240319;101538;1401.6;1;9888959870;B
20240319;101539;1401.6;1;9888959997;B
20240319;101540;1401.2;14;9888960343;S
20240319;101540;1401.2;2;9888960344;S
20240319;101544;1401.4;1;9888961445;B
20240319;101544;1401.4;1;9888961557;B
20240319;101546;1401.2;2;9888961977;B
20240319;101546;1401.2;10;9888962025;B
20240319;101547;1401;5;9888962083;S
20240319;101547;1401.2;1;9888962348;B
20240319;101548;1401;12;9888962579;S
20240319;101549;1401;8;9888962759;S
20240319;101552;1401;1;9888963529;S
20240319;101552;1401.2;10;9888963540;B
20240319;101554;1401;10;9888964032;S
20240319;101555;1401;24;9888964214;S
20240319;101555;1401;50;9888964215;S
20240319;101555;1401;26;9888964216;S
20240319;101558;1401;224;9888964736;S
20240319;101558;1401;30;9888964737;S
20240319;101558;1401;15;9888964738;S
20240319;101558;1401;2;9888964739;S
20240319;101558;1401;1;9888964740;S
20240319;101558;1401;2;9888964741;S
20240319;101558;1401;41;9888964742;S
20240319;101558;1401;1;9888964743;S
20240319;101558;1400.8;4;9888964744;S
20240319;101558;1400.8;5;9888964745;S
20240319;101558;1400.8;30;9888964746;S
20240319;101558;1400.8;2;9888964747;S
20240319;101558;1400.8;20;9888964748;S
20240319;101558;1400.6;106;9888964749;S
20240319;101558;1400.6;98;9888964750;S
20240319;101558;1400.6;1;9888964751;S
20240319;101558;1400.6;57;9888964752;S
20240319;101558;1400.6;50;9888964753;S
20240319;101558;1400.6;60;9888964754;S
20240319;101558;1400.6;18;9888964755;S
20240319;101558;1400.6;43;9888964756;S
20240319;101600;1401;1;9888965083;B
20240319;101601;1401;10;9888965191;B
20240319;101604;1401;100;9888965814;B
20240319;101604;1401;100;9888965841;B
20240319;101604;1401;114;9888965849;B
20240319;101604;1401.2;67;9888965850;B
20240319;101604;1401.2;11;9888965851;B
20240319;101604;1401.2;41;9888965852;B
20240319;101608;1401.2;50;9888966593;S
20240319;101612;1401.8;1;9888967514;B
20240319;101616;1401.2;1;9888968094;S
20240319;101623;1401.6;29;9888969640;B
20240319;101623;1401.8;9;9888969641;B
20240319;101623;1401.8;32;9888969642;B
20240319;101630;1401.4;3;9888970941;S
20240319;101635;1402;5;9888971940;B
20240319;101635;1401.8;1;9888972029;S
20240319;101635;1402;10;9888972058;B
20240319;101636;1402;1;9888972250;B
20240319;101639;1402;6;9888972695;B
20240319;101642;1402;3;9888973298;B
20240319;101649;1402;1;9888974901;B
20240319;101651;1401.6;1;9888975253;S
20240319;101652;1402;1;9888975513;B
20240319;101655;1402.4;5;9888975880;B
20240319;101657;1402.4;2;9888976560;B
20240319;101700;1402;4;9888977180;S
20240319;101700;1402;4;9888977186;S
20240319;101703;1402.4;1;9888977791;B
20240319;101709;1402.4;7;9888978652;B
20240319;101712;1402.4;2;9888979367;B
20240319;101716;1402.4;1;9888980354;B
20240319;101719;1402.4;39;9888981047;B
20240319;101719;1402.4;77;9888981048;B
20240319;101719;1402.4;20;9888981049;B
20240319;101719;1402.4;200;9888981050;B
20240319;101719;1402.6;16;9888981051;B
20240319;101720;1402.8;1;9888981249;B
20240319;101726;1403;2;9888982225;B
20240319;101729;1402.2;5;9888982498;S
20240319;101730;1402.2;1;9888982683;S
20240319;101734;1402.2;5;9888983297;S
20240319;101734;1402.2;20;9888983298;S
20240319;101734;1402.2;214;9888983299;S
20240319;101734;1402.2;40;9888983300;S
20240319;101734;1402.2;5;9888983301;S
20240319;101734;1402;1;9888983302;S
20240319;101734;1402;10;9888983303;S
20240319;101734;1402;5;9888983304;S
20240319;101734;1402;1;9888983305;S
20240319;101734;1401.8;197;9888983306;S
20240319;101738;1402.6;1;9888983882;B
20240319;101740;1402.6;1;9888984081;B
20240319;101742;1402.6;1;9888984425;B
20240319;101745;1402.4;4;9888984892;S
20240319;101747;1402.4;1;9888985131;S
20240319;101747;1402.2;1;9888985132;S
20240319;101747;1402.2;1;9888985133;S
20240319;101756;1402.2;1;9888986238;S
20240319;101802;1402.6;160;9888987015;S
20240319;101804;1402.6;1;9888987403;S
20240319;101805;1402.6;1;9888987458;S
20240319;101806;1402.6;39;9888987638;S
20240319;101806;1402.8;1;9888987664;B
20240319;101806;1402.6;4;9888987717;S
20240319;101809;1402.8;5;9888988246;B
20240319;101809;1402.8;3;9888988247;B
20240319;101811;1402.8;2;9888988637;B
20240319;101811;1402.8;1;9888988638;B
20240319;101814;1402.8;1;9888989241;B
20240319;101815;1402.8;1;9888989407;B
20240319;101816;1402.8;1;9888989468;B
20240319;101817;1402.6;10;9888989602;S
20240319;101817;1402.8;2;9888989697;B
20240319;101817;1402.8;1;9888989698;B
20240319;101818;1402.8;9;9888989745;B
20240319;101818;1402.8;1;9888989776;B
20240319;101819;1402.8;1;9888989808;B
20240319;101819;1402.8;1;9888989906;B
20240319;101819;1402.8;1;9888989922;B
20240319;101820;1402.8;1;9888990075;B
20240319;101821;1402.8;1;9888990169;B
20240319;101821;1402.8;1;9888990193;B
20240319;101822;1402.8;2;9888990296;B
20240319;101824;1402.8;32;9888990461;B
20240319;101824;1402.8;1;9888990462;B
20240319;101824;1402.8;20;9888990463;B
20240319;101825;1402.8;1;9888990626;S
20240319;101826;1402.8;14;9888990781;S
20240319;101826;1402.8;3;9888990782;S
20240319;101828;1402.8;1;9888990954;B
20240319;101829;1402.8;2;9888991128;B
20240319;101830;1402.6;1;9888991409;S
20240319;101830;1402.8;3;9888991452;B
20240319;101831;1402.6;98;9888991515;S
20240319;101833;1402.8;1;9888991800;B
20240319;101836;1402.6;1;9888992269;S
20240319;101837;1402.6;4;9888992452;S
20240319;101837;1402.6;4;9888992481;S
20240319;101838;1402.6;8;9888992577;S
20240319;101838;1402.6;1;9888992578;S
20240319;101838;1402.6;1;9888992579;S
20240319;101841;1403;3;9888993155;B
20240319;101853;1403;746;9888994719;B
20240319;101853;1403;1;9888994720;B
20240319;101853;1403;57;9888994721;B
20240319;101853;1403;150;9888994722;B
20240319;101853;1403;20;9888994723;B
20240319;101853;1403;20;9888994724;B
20240319;101853;1403.4;1;9888994803;B
20240319;101902;1403.6;2;9888995999;B
20240319;101903;1403.6;5;9888996004;B
20240319;101916;1403.6;12;9888997822;B
20240319;101916;1403.2;2;9888997858;S
20240319;101919;1403.6;1;9888998281;B
20240319;101932;1403.6;10;9889000202;B
20240319;101933;1403.6;15;9889000323;B
20240319;101934;1403.2;2;9889000441;S
20240319;101936;1403.6;1;9889000746;B
20240319;101944;1403.4;1;9889001844;S
20240319;101944;1403.4;3;9889001845;S
20240319;101945;1403.4;4;9889002028;S
20240319;101946;1403.6;8;9889002175;B
20240319;101953;1403.6;16;9889003237;B
20240319;101953;1403.6;16;9889003238;B
20240319;101953;1403.6;10;9889003239;B
20240319;101954;1403.6;1;9889003379;B
20240319;101955;1403.6;13;9889003464;B
20240319;101957;1403.6;18;9889003677;B
20240319;101958;1403.4;1;9889003781;S
20240319;101958;1403.6;2;9889003935;B
20240319;102002;1403.6;2;9889004477;B
20240319;102003;1403.4;12;9889004521;S
20240319;102003;1403.4;3;9889004522;S
20240319;102013;1403.2;4;9889005839;S
20240319;102013;1403.2;4;9889005934;S
20240319;102013;1403.2;4;9889006014;S
20240319;102014;1403.2;3;9889006092;S
20240319;102020;1403.4;1;9889007013;B
20240319;102025;1403.4;3;9889009253;B
20240319;102025;1403.4;27;9889009254;B
20240319;102025;1403.4;2;9889009262;B
20240319;102028;1403.2;11;9889010799;S
20240319;102029;1403.4;10;9889010828;B
20240319;102029;1403.2;70;9889010897;S
20240319;102029;1403.4;1;9889010901;B
20240319;102032;1403.2;114;9889012312;S
20240319;102032;1403.2;2;9889012313;S
20240319;102032;1403.2;20;9889012314;S
20240319;102032;1403.2;1;9889012315;S
20240319;102032;1403.2;1;9889012316;S
20240319;102032;1403.2;1;9889012317;S
20240319;102032;1403.2;12;9889012318;S
20240319;102032;1403.2;7;9889012319;S
20240319;102032;1403.2;1;9889012320;S
20240319;102032;1403.2;2;9889012321;S
20240319;102032;1403.2;12;9889012330;B
20240319;102032;1403.2;12;9889012340;B
20240319;102032;1403.2;12;9889012359;B
20240319;102032;1403.2;12;9889012365;B
20240319;102032;1403.2;12;9889012404;B
20240319;102032;1403.2;12;9889012411;B
20240319;102032;1403.2;12;9889012422;B
20240319;102033;1403.2;12;9889012431;B
20240319;102033;1403;4;9889012439;S
20240319;102033;1403.2;12;9889012465;B
20240319;102033;1403.2;5;9889012481;B
20240319;102033;1403;4;9889012512;S
20240319;102033;1403;3;9889012588;S
20240319;102034;1403;4;9889012723;S
20240319;102034;1403;4;9889014292;S
20240319;102034;1403;4;9889014956;S
20240319;102035;1403.2;26;9889014989;B
20240319;102035;1403.2;4;9889014990;B
20240319;102035;1403.4;17;9889014991;B
20240319;102035;1403.4;1;9889014992;B
20240319;102035;1403.4;23;9889014993;B
20240319;102035;1403;3;9889015065;S
20240319;102035;1403.2;18;9889015077;B
20240319;102035;1403;4;9889015136;S
20240319;102036;1403;4;9889015283;S
20240319;102036;1403;4;9889015384;S
20240319;102040;1403.2;1;9889015805;B
20240319;102041;1403;1;9889016364;S
20240319;102044;1403.2;1;9889018298;B
20240319;102044;1403.2;2;9889018306;B
20240319;102049;1403;75;9889021594;S
20240319;102050;1403;27;9889021658;S
20240319;102050;1403;11;9889021724;S
20240319;102050;1403;24;9889021763;S
20240319;102050;1403;17;9889021764;S
20240319;102050;1403;277;9889021765;S
20240319;102050;1403;1;9889021841;S
20240319;102050;1403;55;9889021880;S
20240319;102050;1403;3;9889021881;S
20240319;102050;1402.8;5;9889021882;S
20240319;102050;1402.8;11;9889021883;S
20240319;102050;1402.8;1;9889021884;S
20240319;102051;1402.6;1;9889022190;S
20240319;102051;1402.8;1;9889022192;B
20240319;102053;1402.8;1;9889023451;B
20240319;102054;1402.8;1;9889023561;B
20240319;102057;1402.8;10;9889024511;B
20240319;102057;1402.6;1;9889024570;S
20240319;102057;1402.6;1;9889024626;S
20240319;102103;1402.8;1;9889026738;B
20240319;102103;1402.6;1;9889026765;S
20240319;102103;1402.6;3;9889026766;S
20240319;102103;1402.4;5;9889026767;S
20240319;102103;1402.4;1;9889026768;S
20240319;102103;1402.4;3;9889026769;S
20240319;102103;1402.4;37;9889026770;S
20240319;102103;1402.4;89;9889026771;S
20240319;102103;1402.2;1;9889026772;S
20240319;102103;1402.2;5;9889026773;S
20240319;102103;1402.2;3;9889026774;S
20240319;102115;1402.6;2;9889029191;B
20240319;102125;1402.6;2;9889033009;B
20240319;102129;1402.6;5;9889035111;B
20240319;102130;1402.2;4;9889035303;S
20240319;102134;1402.2;4;9889035947;S
20240319;102137;1402.2;322;9889036719;S
20240319;102137;1402.2;1;9889036720;S
20240319;102137;1402.2;3;9889036721;S
20240319;102137;1402.2;1;9889036722;S
20240319;102137;1402;2;9889036723;S
20240319;102137;1402;269;9889036724;S
20240319;102141;1402;10;9889039264;S
20240319;102146;1402;47;9889040657;S
20240319;102146;1402;174;9889040755;S
20240319;102146;1402;1;9889040756;S
20240319;102146;1402;52;9889040757;S
20240319;102147;1402;2;9889040827;S
20240319;102151;1402;1;9889042048;S
20240319;102151;1402.2;1;9889042066;B
20240319;102152;1402;1;9889042835;S
20240319;102153;1402;44;9889042973;S
20240319;102153;1402;183;9889042974;S
20240319;102153;1402;2;9889043032;S
20240319;102154;1402.2;2;9889043086;B
20240319;102154;1402;18;9889043144;S
20240319;102154;1402;2;9889043145;S
20240319;102154;1402;6;9889043146;S
20240319;102154;1402;35;9889043147;S
20240319;102155;1402;45;9889043154;S
20240319;102159;1402.2;2;9889045119;B
20240319;102159;1402.2;16;9889045145;B
20240319;102159;1402.2;34;9889045146;B
20240319;102203;1402.2;3;9889046380;B
20240319;102203;1402.2;1;9889046385;B
20240319;102203;1402;3;9889046395;S
20240319;102204;1402.2;1;9889046418;B
20240319;102204;1402;2;9889046575;S
20240319;102207;1402.2;1;9889048263;B
20240319;102207;1402.2;9;9889048264;B
20240319;102209;1402.2;1;9889048803;B
20240319;102209;1402;1;9889048840;S
20240319;102212;1402;2;9889049269;S
20240319;102213;1402;11;9889050314;S
20240319;102214;1402;1;9889050708;S
20240319;102226;1402.2;1;9889055150;B
20240319;102228;1402.2;1;9889055681;B
20240319;102228;1402;1;9889055687;S
20240319;102229;1402.2;2;9889056123;B
20240319;102229;1402.2;1;9889056151;B
20240319;102232;1402;8;9889056604;S
20240319;102233;1402.2;4;9889057043;B
20240319;102235;1402.2;10;9889057704;B
20240319;102235;1402.2;1;9889057782;B
20240319;102240;1402;216;9889058828;S
20240319;102240;1402;1;9889058829;S
20240319;102240;1402;2;9889058830;S
20240319;102240;1402;1;9889058831;S
20240319;102240;1402;7;9889058832;S
20240319;102240;1402.2;29;9889059105;B
20240319;102241;1402.2;5;9889059361;B
20240319;102241;1402.2;49;9889059432;B
20240319;102247;1402;1;9889061304;S
20240319;102247;1402;1;9889061305;S
20240319;102249;1402;1;9889061723;S
20240319;102249;1402;1;9889061724;S
20240319;102249;1402;1;9889061726;S
20240319;102249;1402.2;1;9889061797;B
20240319;102249;1402.2;1;9889061852;B
20240319;102251;1402.2;2;9889062665;B
20240319;102251;1402.2;1;9889062666;B
20240319;102252;1402.2;20;9889062767;B
20240319;102252;1402;1;9889063210;S
20240319;102252;1402.2;2;9889063223;B
20240319;102253;1402;2;9889063263;S
20240319;102254;1402;75;9889063608;S
20240319;102301;1402;1;9889065887;S
20240319;102304;1402;11;9889067001;S
20240319;102306;1402.2;1;9889067202;B
20240319;102310;1402;1;9889068920;S
20240319;102311;1402.2;1;9889069504;B
20240319;102312;1402;5;9889069987;S
20240319;102312;1402.2;1;9889070027;B
20240319;102313;1402;33;9889070361;S
20240319;102315;1402.2;20;9889070524;B
20240319;102316;1402;1;9889070857;S
20240319;102317;1402;1;9889071579;S
20240319;102317;1402;1;9889071593;S
20240319;102317;1402;1;9889071603;S
20240319;102318;1402.2;906;9889071611;B
20240319;102318;1402.2;20;9889071612;B
20240319;102318;1402.2;75;9889071613;B
20240319;102318;1402.6;15;9889071614;B
20240319;102318;1402.6;11;9889071615;B
20240319;102318;1402.6;2;9889071616;B
20240319;102318;1402.8;13;9889071617;B
20240319;102318;1402.8;57;9889071618;B
20240319;102318;1403;57;9889071619;B
20240319;102318;1403;1;9889071620;B
20240319;102318;1403;214;9889071621;B
20240319;102318;1403.2;57;9889071622;B
20240319;102318;1403.2;72;9889071623;B
20240319;102318;1402.4;1;9889071624;S
20240319;102318;1402.6;1;9889071632;S
20240319;102319;1402.6;2;9889072127;S
20240319;102320;1403;5;9889072261;B
20240319;102322;1403;99;9889072764;B
20240319;102328;1403.2;1;9889075228;B
20240319;102328;1403.4;9;9889075229;B
20240319;102331;1403;1;9889075889;B
20240319;102332;1402.8;1;9889075901;S
20240319;102333;1403.2;1;9889076476;B
20240319;102333;1402.6;1;9889076484;S
20240319;102338;1402.8;1;9889077641;S
20240319;102339;1403.2;1;9889077740;B
20240319;102339;1403.4;1;9889077741;B
20240319;102339;1403.4;2;9889077742;B
20240319;102340;1403.4;1;9889078452;B
20240319;102345;1402.8;4;9889081092;S
20240319;102345;1402.6;7;9889081093;S
20240319;102345;1402.6;1;9889081094;S
20240319;102345;1402.6;56;9889081095;S
20240319;102347;1403.4;1;9889081481;B
20240319;102347;1403.4;1;9889081482;B
20240319;102347;1403.4;3;9889081483;B
20240319;102349;1403.4;4;9889082520;B
20240319;102349;1403.4;2;9889082521;B
20240319;102356;1403.4;3;9889084889;B
20240319;102358;1402.6;5;9889085408;S
20240319;102358;1402.6;6;9889085414;S
20240319;102358;1402.6;4;9889085415;S
20240319;102404;1402.6;3;9889087573;S
20240319;102405;1402.6;10;9889087692;S
20240319;102405;1402.6;40;9889087693;S
20240319;102406;1402.6;11;9889088003;S
20240319;102407;1403.2;1;9889088024;B
20240319;102409;1402.6;8;9889088240;S
20240319;102409;1402.4;56;9889088241;S
20240319;102409;1402.4;11;9889088242;S
20240319;102409;1402.4;43;9889088243;S
20240319;102409;1402.4;214;9889088244;S
20240319;102409;1402.2;57;9889088245;S
20240319;102409;1402.2;4;9889088246;S
20240319;102409;1402.2;20;9889088247;S
20240319;102409;1402.2;60;9889088248;S
20240319;102409;1402.2;44;9889088249;S
20240319;102409;1402;183;9889088250;S
20240319;102418;1402;20;9889091143;S
20240319;102419;1402;1;9889091630;S
20240319;102421;1402;161;9889092716;S
20240319;102421;1402;6;9889092717;S
20240319;102421;1402;1;9889092718;S
20240319;102421;1402;21;9889092719;S
20240319;102421;1402;11;9889092720;S
20240319;102422;1402.6;7;9889093209;B
20240319;102423;1402.6;4;9889093235;B
20240319;102423;1402.6;1;9889093298;B
20240319;102423;1402.6;9;9889093299;B
20240319;102424;1402;1;9889093684;S
20240319;102424;1402;17;9889093685;S
20240319;102426;1402.6;3;9889093838;B
20240319;102427;1402;1;9889094424;S
20240319;102428;1402;1;9889094918;S
20240319;102429;1402;3;9889095148;S
20240319;102430;1402;1;9889095178;S
20240319;102430;1402;1;9889095185;S
20240319;102431;1402.2;2;9889095945;B
20240319;102435;1402.2;1;9889096754;B
20240319;102436;1402.2;211;9889097185;B
20240319;102437;1402.4;1;9889097288;B
20240319;102439;1402.2;1;9889098723;S
20240319;102441;1402.4;1;9889099249;B
20240319;102447;1402.2;2;9889101063;S
20240319;102447;1402.2;5;9889101084;S
20240319;102447;1402.2;24;9889101104;S
20240319;102448;1402.2;3;9889101415;S
20240319;102449;1402.4;1;9889101731;B
20240319;102451;1402.4;2;9889102756;B
20240319;102452;1402.4;1;9889103488;B
20240319;102453;1402.4;141;9889103497;B
20240319;102454;1402.4;1;9889103651;S
20240319;102456;1402.6;3;9889104505;B
20240319;102500;1402.4;5;9889105817;S
20240319;102500;1402.4;2;9889105818;S
20240319;102502;1402.2;2;9889106232;S
20240319;102503;1402.2;1;9889106711;S
20240319;102504;1402.2;60;9889107240;S
20240319;102506;1402.2;1;9889108027;S
20240319;102513;1402.2;1;9889109928;S
20240319;102524;1402.2;1;9889112887;S
20240319;102525;1402.4;4;9889113550;S
20240319;102525;1402.6;5;9889113657;B
20240319;102525;1402.6;40;9889113658;B
20240319;102527;1402.2;32;9889114420;S
20240319;102527;1402.2;18;9889114421;S
20240319;102532;1402.8;1;9889116071;B
20240319;102532;1402.6;220;9889116143;S
20240319;102532;1402.6;7;9889116144;S
20240319;102535;1402.6;1;9889117073;B
20240319;102535;1402.4;102;9889117084;S
20240319;102538;1402.6;4;9889117946;B
20240319;102540;1402.6;2;9889118093;B
20240319;102543;1402.4;1;9889119705;S
20240319;102544;1402.4;30;9889120086;S
20240319;102544;1402.2;1;9889120087;S
20240319;102548;1402.6;10;9889121003;B
20240319;102548;1402.6;18;9889121031;B
20240319;102548;1402.2;2;9889121033;S
20240319;102548;1402.2;72;9889121034;S
20240319;102548;1402.2;39;9889121035;S
20240319;102548;1402;20;9889121036;S
20240319;102548;1402;62;9889121037;S
20240319;102548;1402;1;9889121038;S
20240319;102548;1401.8;2;9889121039;S
20240319;102548;1401.8;40;9889121040;S
20240319;102548;1401.8;4;9889121041;S
20240319;102548;1401.8;80;9889121042;S
20240319;102548;1401.8;10;9889121043;S
20240319;102548;1401.8;11;9889121044;S
20240319;102548;1401.8;1;9889121045;S
20240319;102548;1401.8;20;9889121046;S
20240319;102548;1401.8;22;9889121047;S
20240319;102548;1401.6;5;9889121048;S
20240319;102548;1401.6;159;9889121049;S
20240319;102551;1401.8;1;9889121935;S
20240319;102553;1401.8;96;9889123023;S
20240319;102555;1401.8;1;9889123736;S
20240319;102600;1401.8;3;9889124555;B
20240319;102603;1401.8;5;9889127176;B
20240319;102604;1401.6;4;9889127406;S
20240319;102605;1401.6;5;9889127555;S
20240319;102606;1401.6;1;9889127775;S
20240319;102607;1401.6;3;9889128108;S
20240319;102608;1401.6;1;9889128651;S
20240319;102608;1401.8;7;9889128700;B
20240319;102608;1402;1;9889128701;B
20240319;102608;1402;39;9889128702;B
20240319;102608;1402;1;9889128703;B
20240319;102608;1402;1;9889128704;B
20240319;102608;1402.2;20;9889128705;B
20240319;102608;1402.2;1;9889128706;B
20240319;102615;1401.8;1;9889130151;B
20240319;102619;1401.8;39;9889131237;S
20240319;102619;1401.8;40;9889131238;S
20240319;102619;1401.6;327;9889131239;S
20240319;102619;1401.6;3;9889131240;S
20240319;102619;1401.6;1;9889131241;S
20240319;102619;1401.6;1;9889131242;S
20240319;102619;1401.6;27;9889131243;S
20240319;102622;1401.8;7;9889132589;B
20240319;102625;1401.8;1;9889132876;S
20240319;102626;1401.8;5;9889133853;S
20240319;102627;1402;1;9889133980;B
20240319;102627;1402;2;9889133981;B
20240319;102627;1401.8;1;9889133982;S
20240319;102627;1402;1;9889134109;B
20240319;102627;1402;1;9889134111;B
20240319;102629;1402;6;9889135250;B
20240319;102630;1401.8;13;9889135459;S
20240319;102634;1402;2;9889136032;B
20240319;102635;1402;1;9889136128;B
20240319;102636;1401.8;1;9889136267;S
20240319;102636;1401.8;1;9889136277;S
20240319;102637;1402;1;9889136513;B
20240319;102640;1402;4;9889136889;B
20240319;102646;1401.8;1;9889137481;S
20240319;102649;1402;14;9889137725;B
20240319;102653;1402;1;9889138223;B
20240319;102654;1401.8;2;9889138375;S
20240319;102656;1402;7;9889138647;B
20240319;102657;1402;50;9889138763;B
20240319;102657;1401.8;1;9889138856;S
20240319;102658;1401.8;2;9889139165;S
20240319;102659;1402;1;9889139295;B
20240319;102702;1402;12;9889139604;B
20240319;102702;1402;40;9889139605;B
20240319;102702;1402;19;9889139606;B
20240319;102706;1401.8;13;9889140098;S
20240319;102706;1401.8;1;9889140099;S
20240319;102706;1401.8;191;9889140104;S
20240319;102706;1401.8;20;9889140105;S
20240319;102706;1401.8;5;9889140106;S
20240319;102706;1401.8;50;9889140107;S
20240319;102706;1401.8;71;9889140108;S
20240319;102706;1401.8;14;9889140109;S
20240319;102707;1401.8;1;9889140245;B
20240319;102708;1401.8;1;9889140404;S
20240319;102713;1402;5;9889141128;B
20240319;102714;1402;15;9889141216;B
20240319;102715;1402;1;9889141296;B
20240319;102715;1402;1;9889141314;B
20240319;102715;1402;1;9889141461;B
20240319;102717;1402;1;9889141627;B
20240319;102719;1402;1;9889141857;B
20240319;102721;1402;1;9889142042;B
20240319;102721;1401.8;4;9889142056;S
20240319;102721;1401.8;5;9889142145;S
20240319;102724;1402;1;9889142428;B
20240319;102725;1401.8;1;9889142520;S
20240319;102728;1402;6;9889142783;B
20240319;102730;1401.8;49;9889142961;S
20240319;102730;1401.8;10;9889142962;S
20240319;102730;1401.8;2;9889142963;S
20240319;102730;1401.6;1;9889142964;S
20240319;102730;1401.6;1;9889142965;S
20240319;102730;1401.6;13;9889142966;S
20240319;102736;1402;1;9889143872;B
20240319;102737;1401.6;2;9889143903;S
20240319;102743;1401.6;10;9889144935;S
20240319;102746;1401.6;5;9889145629;S
20240319;102752;1401.6;1;9889146387;S
20240319;102754;1401.6;69;9889146703;S
20240319;102754;1401.6;75;9889146704;S
20240319;102756;1401.6;10;9889146979;S
20240319;102756;1401.6;1;9889146995;S
20240319;102757;1402;1;9889147150;B
20240319;102757;1402;10;9889147173;B
20240319;102805;1401.6;64;9889149065;S
20240319;102805;1401.6;10;9889149066;S
20240319;102805;1401.6;37;9889149067;S
20240319;102805;1401.6;5;9889149068;S
20240319;102805;1401.4;10;9889149069;S
20240319;102805;1401.4;1;9889149070;S
20240319;102805;1401.4;5;9889149071;S
20240319;102805;1401.4;3;9889149072;S
20240319;102805;1401.4;3;9889149073;S
20240319;102805;1401.4;3;9889149074;S
20240319;102805;1401.4;1;9889149075;S
20240319;102805;1401.4;4;9889149076;S
20240319;102805;1401.4;65;9889149077;S
20240319;102805;1401.4;50;9889149078;S
20240319;102805;1401.4;5;9889149079;S
20240319;102805;1401.4;2;9889149080;S
20240319;102805;1401.4;100;9889149081;S
20240319;102805;1401.4;4;9889149082;S
20240319;102805;1401.4;10;9889149083;S
20240319;102805;1401.4;1;9889149084;S
20240319;102805;1401.4;1;9889149085;S
20240319;102805;1401.4;1;9889149086;S
20240319;102805;1401.4;11;9889149087;S
20240319;102805;1401.4;10;9889149088;S
20240319;102805;1401.4;10;9889149089;S
20240319;102805;1401.4;10;9889149090;S
20240319;102805;1401.4;2;9889149091;S
20240319;102805;1401.4;1;9889149092;S
20240319;102805;1401.4;10;9889149093;S
20240319;102805;1401.4;1;9889149094;S
20240319;102805;1401.4;1;9889149095;S
20240319;102805;1401.2;145;9889149096;S
20240319;102813;1401.6;1;9889150560;B
20240319;102827;1401.6;4;9889152586;S
20240319;102828;1401.6;1;9889152624;S
20240319;102832;1401.6;1;9889153218;S
20240319;102832;1401.8;5;9889153255;B
20240319;102833;1401.6;48;9889153490;S
20240319;102836;1401.8;6;9889153898;B
20240319;102836;1402;1;9889153899;B
20240319;102836;1402;2;9889153900;B
20240319;102836;1402;1;9889153901;B
20240319;102836;1402;1;9889153902;B
20240319;102836;1402;3;9889153903;B
20240319;102836;1402;46;9889153904;B
20240319;102839;1401.6;3;9889154367;S
20240319;102839;1402.2;1;9889154371;B
20240319;102844;1401.8;50;9889155482;S
20240319;102844;1401.8;20;9889155483;S
20240319;102844;1401.8;50;9889155484;S
20240319;102844;1401.8;6;9889155485;S
20240319;102848;1402.2;3;9889155955;B
20240319;102848;1402.2;2;9889155956;B
20240319;102851;1402.2;51;9889156366;S
20240319;102854;1402;10;9889156824;S
20240319;102859;1402;1;9889157555;S
20240319;102901;1402;1;9889157757;S
20240319;102902;1402;4;9889157893;S
20240319;102907;1402.2;1;9889158617;B
20240319;102907;1402;1;9889158705;S
20240319;102908;1402;3;9889158998;S
20240319;102919;1402;6;9889161253;S
20240319;102922;1402.2;1;9889161613;B
20240319;102922;1402;64;9889161630;S
20240319;102922;1402;10;9889161631;S
20240319;102922;1402;1;9889161632;S
20240319;102932;1401.8;11;9889162760;S
20240319;102932;1401.8;19;9889162761;S
20240319;102944;1402.2;1;9889164141;B
20240319;102949;1402.2;49;9889164748;B
20240319;102949;1402.4;20;9889164749;B
20240319;102949;1402.4;11;9889164750;B
20240319;102949;1402.4;48;9889164751;B
20240319;102949;1402.4;42;9889164752;B
20240319;102951;1402.4;1;9889164901;B
20240319;102959;1402;2;9889165707;S
20240319;103000;1402;1;9889165952;S
20240319;103004;1401.8;3;9889166361;S
20240319;103004;1401.8;1;9889166362;S
20240319;103004;1401.8;1;9889166363;S
20240319;103005;1401.8;1;9889166396;S
20240319;103005;1401.8;1;9889166397;S
20240319;103005;1401.8;5;9889166398;S
20240319;103005;1401.8;13;9889166399;S
20240319;103005;1402;2;9889166450;B
20240319;103006;1401.8;7;9889166498;S
20240319;103006;1401.8;1;9889166499;S
20240319;103006;1402;1;9889166520;B
20240319;103007;1402;1;9889166627;B
20240319;103010;1402;6;9889166992;B
20240319;103012;1402;23;9889167276;B
20240319;103018;1402;10;9889167915;S
20240319;103019;1402.2;142;9889168102;B
20240319;103019;1402.4;1;9889168103;B
20240319;103019;1402.4;2;9889168104;S
20240319;103027;1402.6;3;9889168843;B
20240319;103027;1402.6;2;9889168844;B
20240319;103027;1402.6;1;9889168845;B
20240319;103027;1402.6;2;9889168849;B
20240319;103027;1402.6;1;9889168850;B
20240319;103027;1402.6;1;9889168856;B
20240319;103027;1402.6;3;9889168858;B
20240319;103027;1402.6;1;9889168859;B
20240319;103027;1402.6;2;9889168860;B
20240319;103027;1402.6;1;9889168861;B
20240319;103027;1402.6;1;9889168862;B
20240319;103027;1402.6;1;9889168863;B
20240319;103027;1402.6;2;9889168864;B
20240319;103027;1402.6;1;9889168865;B
20240319;103027;1402.6;1;9889168866;B
20240319;103027;1402.6;1;9889168867;B
20240319;103027;1402.6;15;9889168868;B
20240319;103027;1402.6;1;9889168869;B
20240319;103027;1402.6;1;9889168870;B
20240319;103027;1402.6;1;9889168871;B
20240319;103027;1402.6;1;9889168872;B
20240319;103027;1403;1;9889168873;B
20240319;103027;1403;5;9889168878;B
20240319;103027;1403;2;9889168879;B
20240319;103027;1403;1;9889168880;B
20240319;103027;1403;9;9889168881;B
20240319;103027;1403;1;9889168907;B
20240319;103027;1403;10;9889168910;B
20240319;103027;1403;10;9889168914;B
20240319;103027;1403;10;9889168924;B
20240319;103027;1402.6;41;9889168925;S
20240319;103027;1403;6;9889168930;B
20240319;103027;1403;1;9889168949;B
20240319;103028;1403;1;9889168974;B
20240319;103028;1403;2;9889168976;B
20240319;103028;1403;7;9889168977;B
20240319;103028;1403;1;9889168978;B
20240319;103028;1403;4;9889168982;B
20240319;103028;1403;2;9889168983;B
20240319;103028;1403;5;9889168984;B
20240319;103028;1403;1;9889168985;B
20240319;103028;1403;1;9889168986;B
20240319;103028;1403;1;9889168987;B
20240319;103028;1403;1;9889168999;B
20240319;103028;1403;1;9889169001;B
20240319;103028;1403;1;9889169002;B
20240319;103028;1403;1;9889169003;B
20240319;103028;1403;2;9889169005;B
20240319;103028;1403;1;9889169011;B
20240319;103028;1403;4;9889169035;B
20240319;103028;1403;1;9889169036;B
20240319;103028;1403;10;9889169062;B
20240319;103029;1403;1;9889169090;B
20240319;103029;1403;1;9889169091;B
20240319;103029;1403;1;9889169109;B
20240319;103029;1403;1;9889169123;B
20240319;103029;1403;1;9889169128;B
20240319;103029;1403;5;9889169129;B
20240319;103031;1402.6;1;9889169363;S
20240319;103044;1402.6;1;9889170678;S
20240319;103044;1402.6;2;9889170679;S
20240319;103044;1402.4;11;9889170680;S
20240319;103044;1402.4;86;9889170681;S
20240319;103048;1402.4;1;9889171047;S
20240319;103057;1402.6;142;9889172001;B
20240319;103057;1402.8;57;9889172002;B
20240319;103057;1402.8;45;9889172003;B
20240319;103057;1403;11;9889172004;B
20240319;103103;1402.8;1;9889172557;B
20240319;103107;1402.8;1;9889172991;B
20240319;103108;1402.4;3;9889173099;S
20240319;103112;1402.8;1;9889173594;B
20240319;103112;1402.8;200;9889173595;B
20240319;103112;1403;46;9889173596;B
20240319;103112;1403;11;9889173597;B
20240319;103112;1403;75;9889173598;B
20240319;103113;1403;2;9889173755;B
20240319;103114;1402.4;5;9889173825;S
20240319;103117;1402.4;1;9889174155;S
20240319;103117;1402.8;2;9889174212;B
20240319;103118;1402.8;1;9889174370;B
20240319;103120;1402.4;4;9889174621;S
20240319;103125;1402.6;3;9889175259;B
20240319;103128;1402.4;1;9889175589;S
20240319;103128;1402.4;44;9889175590;S
20240319;103128;1402.2;5;9889175591;S
20240319;103138;1402.6;1;9889176731;B
20240319;103138;1402.4;4;9889176732;S
20240319;103141;1402.6;1;9889177071;B
20240319;103141;1402.6;3;9889177149;B
20240319;103142;1402.6;5;9889177198;B
20240319;103144;1402.4;1;9889177454;S
20240319;103145;1402.4;4;9889177603;S
20240319;103157;1402.6;2;9889178843;B
20240319;103157;1402.4;6;9889178895;S
20240319;103157;1402.2;1;9889178896;S
20240319;103201;1402.2;2;9889179447;S
20240319;103202;1402.2;3;9889179615;S
20240319;103204;1402;2;9889179733;S
20240319;103205;1402;37;9889179845;S
20240319;103205;1402;37;9889179899;S
20240319;103206;1402.2;1;9889180012;B
20240319;103206;1402;34;9889180047;S
20240319;103206;1402;3;9889180048;S
20240319;103206;1402;400;9889180049;S
20240319;103206;1402;1;9889180050;S
20240319;103206;1402;22;9889180051;S
20240319;103212;1402.2;4;9889180733;B
20240319;103212;1402.2;2;9889180832;B
20240319;103216;1402.2;1;9889181295;B
20240319;103218;1402.2;1;9889181522;B
20240319;103220;1402;3;9889181798;S
20240319;103222;1402;7;9889181875;S
20240319;103222;1402;35;9889181876;S
20240319;103222;1402;43;9889181877;S
20240319;103222;1402;1;9889181878;S
20240319;103224;1401.8;22;9889182195;S
20240319;103224;1401.8;16;9889182196;S
20240319;103225;1402;2;9889182457;B
20240319;103226;1402;10;9889182533;B
20240319;103226;1402;1;9889182551;B
20240319;103234;1401.8;4;9889183793;S
20240319;103234;1401.8;15;9889183794;S
20240319;103236;1402;1;9889184097;B
20240319;103237;1401.8;1;9889184127;S
20240319;103240;1401.8;1;9889184562;S
20240319;103245;1402;1;9889185247;B
20240319;103245;1402;1;9889185248;B
20240319;103246;1402;1;9889185348;B
20240319;103246;1401.8;1;9889185349;S
20240319;103250;1402;2;9889185769;B
20240319;103252;1401.8;20;9889186016;S
20240319;103252;1401.8;18;9889186017;S
20240319;103258;1402;1;9889186650;B
20240319;103300;1402;1;9889186961;B
20240319;103300;1402;49;9889186962;B
20240319;103301;1401.8;1;9889187066;S
20240319;103302;1402;7;9889187216;B
20240319;103303;1402;15;9889187333;B
20240319;103313;1401.8;22;9889188440;S
20240319;103313;1401.8;3;9889188441;S
20240319;103314;1402;2;9889188547;B
20240319;103315;1402;3;9889188683;B
20240319;103315;1401.8;6;9889188726;S
20240319;103316;1401.8;1;9889188804;S
20240319;103319;1402;8;9889189193;B
20240319;103321;1401.8;1;9889189483;S
20240319;103322;1401.8;2;9889189543;S
20240319;103325;1402;3;9889189826;B
20240319;103326;1401.8;2;9889189862;S
20240319;103327;1402;1;9889190026;B
20240319;103333;1402;4;9889190705;B
20240319;103333;1402;1;9889190733;B
20240319;103334;1401.8;5;9889190765;S
20240319;103334;1402;1;9889190847;B
20240319;103338;1402;2;9889191327;B
20240319;103338;1401.8;1;9889191386;S
20240319;103339;1402;2;9889191558;B
20240319;103341;1402;3;9889191895;B
20240319;103342;1402;100;9889191950;B
20240319;103347;1402;8;9889192578;B
20240319;103349;1402;1;9889192788;B
20240319;103350;1401.8;1;9889192933;S
20240319;103353;1402;1;9889193203;B
20240319;103353;1402;1;9889193204;B
20240319;103354;1402;1;9889193362;B
20240319;103359;1402;18;9889193782;B
20240319;103403;1402;1;9889194196;B
20240319;103403;1402;1;9889194240;B
20240319;103407;1402;1;9889194657;B
20240319;103409;1402;1;9889194918;B
20240319;103410;1402;1;9889194938;B
20240319;103411;1402;23;9889195164;B
20240319;103411;1402;23;9889195167;B
20240319;103411;1402;23;9889195170;B
20240319;103412;1402;23;9889195179;B
20240319;103412;1402;23;9889195183;B
20240319;103412;1402;23;9889195186;B
20240319;103412;1402;12;9889195190;B
20240319;103412;1402;1;9889195229;B
20240319;103416;1401.8;1;9889195621;S
20240319;103420;1401.8;4;9889196230;S
20240319;103421;1402;5;9889196294;B
20240319;103421;1401.8;1;9889196380;S
20240319;103421;1401.8;1;9889196381;S
20240319;103421;1401.8;1;9889196382;S
20240319;103421;1401.8;1;9889196383;S
20240319;103421;1401.6;36;9889196384;S
20240319;103423;1402;1;9889196579;B
20240319;103423;1402;13;9889196600;B
20240319;103425;1401.8;3;9889196805;S
20240319;103429;1402;19;9889197423;B
20240319;103429;1402;1;9889197424;B
20240319;103429;1402;2;9889197425;B
20240319;103429;1402;3;9889197426;B
20240319;103430;1401.6;40;9889197528;S
20240319;103438;1402;4;9889198456;B
20240319;103438;1402;75;9889198457;B
20240319;103438;1402.2;42;9889198458;B
20240319;103438;1402.2;28;9889198459;B
20240319;103442;1401.8;20;9889199020;S
20240319;103442;1401.8;10;9889199021;S
20240319;103444;1401.8;23;9889199224;S
20240319;103444;1402.2;1;9889199274;B
20240319;103448;1402.2;5;9889199653;B
20240319;103455;1401.8;13;9889200272;S
20240319;103459;1402.2;20;9889200686;B
20240319;103500;1401.8;10;9889200800;S
20240319;103511;1402.2;1;9889201813;B
20240319;103520;1402.2;2;9889202714;B
20240319;103521;1402.2;1;9889202763;B
20240319;103527;1402.2;1;9889204556;B
20240319;103527;1402.2;10;9889204757;B
20240319;103527;1402.2;1;9889204824;B
20240319;103531;1402.2;1;9889205964;B
20240319;103533;1402.2;2;9889206547;B
20240319;103536;1402.2;1;9889207348;B
20240319;103538;1402.2;1;9889208009;B
20240319;103538;1402.2;3;9889208052;B
20240319;103539;1402.2;1;9889208355;B
20240319;103540;1402.2;1;9889208517;B
20240319;103541;1402;1;9889208722;S
20240319;103541;1402;2;9889208723;S
20240319;103543;1402.2;10;9889209009;B
20240319;103544;1402.2;1;9889209161;B
20240319;103546;1402;1;9889209427;S
20240319;103549;1402;10;9889210014;S
20240319;103553;1402.2;38;9889210538;B
20240319;103553;1402.2;1;9889210539;B
20240319;103553;1402.2;145;9889210540;B
20240319;103555;1402.8;1;9889210730;B
20240319;103602;1402.8;1;9889211522;B
20240319;103605;1402.4;2;9889211881;S
20240319;103605;1402.4;2;9889211895;S
20240319;103606;1402.4;4;9889212050;S
20240319;103606;1402.4;1;9889212078;S
20240319;103618;1402.8;46;9889213416;B
20240319;103618;1402.8;6;9889213417;B
20240319;103618;1402.8;69;9889213418;B
20240319;103626;1402.8;1;9889214046;B
20240319;103635;1402.8;1;9889214938;B
20240319;103645;1402.6;1;9889215990;B
20240319;103645;1402.6;1;9889215998;B
20240319;103646;1402.8;1;9889216095;B
20240319;103646;1402.8;1;9889216096;B
20240319;103650;1402.4;20;9889216441;S
20240319;103650;1402.4;1;9889216442;S
20240319;103654;1402.4;2;9889216821;S
20240319;103654;1402.8;1;9889216871;B
20240319;103700;1402.6;1;9889217418;B
20240319;103709;1402.6;5;9889218538;B
20240319;103713;1402.6;1;9889219070;B
20240319;103717;1402.6;5;9889219398;B
20240319;103717;1402.6;1;9889219430;B
20240319;103720;1402.4;20;9889219649;S
20240319;103720;1402.4;1;9889219730;S
20240319;103722;1402.6;5;9889219887;B
20240319;103723;1402.4;3;9889219951;S
20240319;103724;1402.4;25;9889220011;S
20240319;103724;1402.6;1;9889220078;B
20240319;103729;1402.6;3;9889220488;B
20240319;103731;1402.6;1;9889220680;B
20240319;103734;1402.6;3;9889221073;B
20240319;103736;1402.6;5;9889221246;B
20240319;103737;1402.6;5;9889221271;B
20240319;103743;1402.6;2;9889221828;B
20240319;103748;1402.4;1;9889222325;S
20240319;103748;1402.4;1;9889222326;S
20240319;103748;1402.6;2;9889222400;B
20240319;103749;1402.6;1;9889222600;B
20240319;103750;1402.6;3;9889222721;B
20240319;103753;1402.4;3;9889223125;S
20240319;103755;1402.6;112;9889223305;B
20240319;103755;1402.8;1;9889223306;B
20240319;103755;1402.8;1;9889223307;B
20240319;103755;1402.8;20;9889223308;B
20240319;103755;1402.8;41;9889223309;B
20240319;103755;1402.8;214;9889223310;B
20240319;103755;1403;111;9889223311;B
20240319;103758;1403;1;9889223639;B
20240319;103806;1402.8;1;9889224445;B
20240319;103807;1402.8;1;9889224563;B
20240319;103809;1402.8;2;9889224797;B
20240319;103810;1402.8;1;9889224890;B
20240319;103816;1402.6;18;9889225511;S
20240319;103818;1402.8;1;9889225660;B
20240319;103820;1402.6;1;9889225907;S
20240319;103822;1402.6;14;9889226041;S
20240319;103822;1402.8;4;9889226118;B
20240319;103822;1402.8;2;9889226119;B
20240319;103826;1402.8;2;9889226405;S
20240319;103826;1402.8;3;9889226435;S
20240319;103828;1402.8;1;9889226596;S
20240319;103828;1402.8;5;9889226644;S
20240319;103829;1403;2;9889226665;B
20240319;103834;1403;1;9889227034;B
20240319;103835;1403;10;9889227133;B
20240319;103838;1403;5;9889227447;B
20240319;103840;1403;1;9889227566;B
20240319;103842;1403;10;9889227763;B
20240319;103847;1403;4;9889228242;B
20240319;103848;1403;2;9889228300;B
20240319;103852;1403;2;9889228666;B
20240319;103852;1403;1;9889228698;B
20240319;103852;1403;4;9889228717;B
20240319;103857;1403;1;9889229142;B
20240319;103858;1402.8;3;9889229253;S
20240319;103901;1403;1;9889229531;B
20240319;103903;1402.6;15;9889229820;S
20240319;103903;1402.4;2;9889229821;S
20240319;103910;1403;3;9889230539;B
20240319;103911;1403;2;9889230684;B
20240319;103913;1403;11;9889230855;B
20240319;103916;1403;100;9889231218;B
20240319;103916;1403;5;9889231240;B
20240319;103918;1403;3;9889231485;B
20240319;103921;1403;2;9889231979;B
20240319;103923;1403;1;9889232389;B
20240319;103924;1403;1;9889232645;B
20240319;103928;1403;2;9889233398;B
20240319;103930;1402.8;5;9889233889;S
20240319;103933;1403;1;9889234715;B
20240319;103934;1402.6;1;9889234957;S
20240319;103934;1402.6;1;9889234958;S
20240319;103934;1402.4;15;9889234972;S
20240319;103935;1402.4;7;9889235090;S
20240319;103946;1402.4;1;9889237546;S
20240319;103948;1402.8;10;9889237816;B
20240319;103957;1402.4;1;9889240344;S
20240319;103958;1402.8;2;9889240769;B
20240319;104001;1402.4;5;9889241487;S
20240319;104006;1402.4;4;9889242691;S
20240319;104007;1402.8;1;9889242948;B
20240319;104010;1402.4;1;9889243691;S
20240319;104017;1402.6;1;9889245622;S
20240319;104017;1402.6;13;9889245623;S
20240319;104018;1402.6;34;9889245703;S
20240319;104021;1402.8;5;9889246509;B
20240319;104023;1402.8;7;9889246892;B
20240319;104029;1402.8;2;9889248148;B
20240319;104031;1402.8;1;9889248694;B
20240319;104034;1402.8;1;9889249230;B
20240319;104034;1402.8;2;9889249273;B
20240319;104034;1402.8;1;9889249274;B
20240319;104037;1403;3;9889250054;B
20240319;104039;1402.8;34;9889250352;S
20240319;104042;1403;1;9889250739;B
20240319;104043;1402.6;1;9889250954;S
20240319;104049;1402.6;1;9889251739;S
20240319;104049;1402.6;35;9889251740;S
20240319;104059;1402.8;4;9889253482;B
20240319;104102;1402.8;1;9889253990;B
20240319;104107;1402.6;2;9889254754;S
20240319;104111;1402.8;95;9889255453;B
20240319;104111;1403;209;9889255454;B
20240319;104111;1403;1;9889255455;B
20240319;104111;1403;14;9889255456;B
20240319;104111;1403;20;9889255457;B
20240319;104111;1403;6;9889255458;B
20240319;104111;1403;1;9889255459;B
20240319;104111;1403;80;9889255460;B
20240319;104111;1403;57;9889255461;B
20240319;104111;1403;1;9889255462;B
20240319;104111;1403;4;9889255463;B
20240319;104111;1403;1;9889255464;B
20240319;104111;1403;40;9889255465;B
20240319;104111;1403;40;9889255466;B
20240319;104111;1403.2;2;9889255562;B
20240319;104111;1403.2;1;9889255594;B
20240319;104111;1403.4;6;9889255595;B
20240319;104112;1403;1;9889255723;S
20240319;104115;1403.4;1;9889256180;B
20240319;104121;1403.4;6;9889257773;B
20240319;104127;1403.4;5;9889258716;B
20240319;104130;1403.4;2;9889259238;B
20240319;104131;1403.4;10;9889259491;B
20240319;104136;1403.4;9;9889260155;B
20240319;104136;1403.4;1;9889260182;B
20240319;104140;1403.2;1;9889260910;S
20240319;104142;1403.4;4;9889261168;B
20240319;104145;1403.2;1;9889261597;S
20240319;104146;1403.2;3;9889261726;S
20240319;104147;1403.2;5;9889261856;S
20240319;104154;1403.2;20;9889262801;S
20240319;104154;1403.2;10;9889262802;S
20240319;104154;1403;10;9889262803;S
20240319;104154;1403.4;80;9889262804;B
20240319;104158;1403.4;15;9889263248;B
20240319;104159;1403.2;51;9889263322;S
20240319;104202;1403.4;2;9889263981;B
20240319;104202;1403.2;2;9889264111;S
20240319;104202;1403.2;12;9889264112;S
20240319;104204;1403.4;59;9889264293;B
20240319;104204;1403.4;65;9889264294;B
20240319;104204;1403.4;23;9889264295;B
20240319;104204;1403.4;3;9889264296;B
20240319;104204;1403.2;3;9889264357;S
20240319;104209;1403.2;1;9889265104;S
20240319;104211;1403.2;50;9889265413;S
20240319;104213;1403;200;9889265599;S
20240319;104219;1403.4;1;9889266660;B
20240319;104224;1403;220;9889267359;S
20240319;104224;1403;324;9889267360;S
20240319;104235;1403.4;5;9889268911;B
20240319;104235;1403;1;9889268994;S
20240319;104235;1403;1;9889269007;S
20240319;104237;1403;1;9889269260;S
20240319;104241;1403;13;9889269895;S
20240319;104243;1403.4;1;9889270266;B
20240319;104243;1403.4;6;9889270267;B
20240319;104243;1403.4;8;9889270268;B
20240319;104244;1403.4;1;9889270402;B
20240319;104244;1403;1;9889270422;S
20240319;104244;1403;1;9889270436;S
20240319;104246;1403;2;9889270731;S
20240319;104247;1403;2;9889270912;S
20240319;104247;1403;2;9889270932;S
20240319;104250;1403.4;1;9889271587;B
20240319;104250;1403.4;19;9889271588;B
20240319;104254;1403;52;9889272437;S
20240319;104254;1403;2;9889272438;S
20240319;104254;1403;5;9889272439;S
20240319;104254;1403;5;9889272440;S
20240319;104254;1403;5;9889272441;S
20240319;104254;1403;5;9889272442;S
20240319;104254;1403;26;9889272443;S
20240319;104258;1403;1;9889273330;S
20240319;104258;1403;1;9889273347;S
20240319;104302;1403;2;9889274310;S
20240319;104305;1403.4;2;9889275080;B
20240319;104308;1403.2;1;9889275697;B
20240319;104308;1403.4;3;9889275698;B
20240319;104325;1403.4;5;9889278768;B
20240319;104344;1403.4;2;9889282361;B
20240319;104349;1403;16;9889283444;S
20240319;104349;1403;10;9889283445;S
20240319;104349;1403;2;9889283446;S
20240319;104349;1403;27;9889283447;S
20240319;104350;1403;1;9889283607;B
20240319;104350;1402.8;11;9889283762;S
20240319;104350;1402.8;120;9889283763;S
20240319;104357;1403;2;9889285196;B
20240319;104359;1403;1;9889285812;B
20240319;104401;1402.8;1;9889286058;S
20240319;104401;1403;3;9889286083;B
20240319;104403;1403;3;9889286653;B
20240319;104403;1403;10;9889286654;B
20240319;104407;1403;1;9889287517;B
20240319;104407;1402.8;1;9889287555;S
20240319;104409;1403;9;9889287775;B
20240319;104409;1403;127;9889287776;B
20240319;104415;1403;1;9889288636;S
20240319;104415;1403;1;9889288637;S
20240319;104418;1403;1;9889288947;B
20240319;104418;1403.2;28;9889288948;B
20240319;104431;1403.2;1;9889291757;B
20240319;104437;1403;10;9889292911;S
20240319;104438;1403;1;9889293191;S
20240319;104440;1403.2;1;9889293562;B
20240319;104441;1403.2;24;9889293745;B
20240319;104446;1403.2;2;9889294906;B
20240319;104452;1403;4;9889295913;S
20240319;104452;1403;1;9889296083;S
20240319;104453;1403.2;20;9889296118;B
20240319;104453;1403.2;1;9889296151;B
20240319;104506;1403.2;4;9889298891;B
20240319;104507;1403;1;9889299059;S
20240319;104510;1403.2;6;9889299657;B
20240319;104511;1403.2;1;9889299895;B
20240319;104515;1403.2;9;9889300627;B
20240319;104515;1403;1;9889300684;S
20240319;104520;1403;1;9889301483;S
20240319;104521;1403.2;1;9889301590;B
20240319;104522;1403.2;2;9889301804;B
20240319;104523;1403;1;9889302002;S
20240319;104524;1403.2;1;9889302183;B
20240319;104526;1403.2;111;9889302689;B
20240319;104528;1403.2;1;9889303315;B
20240319;104530;1403.2;1;9889303871;B
20240319;104530;1403.2;1;9889303872;B
20240319;104530;1403.2;49;9889303873;B
20240319;104534;1403.2;67;9889304608;B
20240319;104536;1403.2;1;9889305018;B
20240319;104542;1403;7;9889305994;S
20240319;104544;1403;1;9889306420;S
20240319;104553;1403;25;9889308336;S
20240319;104557;1403.2;1;9889309025;B
20240319;104558;1403.2;1;9889309182;B
20240319;104603;1403.2;2;9889309641;B
20240319;104609;1403;26;9889310604;S
20240319;104609;1403;238;9889310605;S
20240319;104609;1403;30;9889310606;S
20240319;104609;1403;153;9889310607;S
20240319;104609;1403;2;9889310608;S
20240319;104609;1403;1;9889310609;S
20240319;104609;1403;20;9889310610;S
20240319;104609;1403;2;9889310611;S
20240319;104609;1403;4;9889310612;S
20240319;104609;1403;1;9889310613;S
20240319;104609;1403;1;9889310614;S
20240319;104609;1402.8;79;9889310616;S
20240319;104617;1403;1;9889312347;B
20240319;104620;1403;7;9889312817;B
20240319;104620;1403;10;9889312886;B
20240319;104622;1403;2;9889313058;B
20240319;104622;1402.8;34;9889313149;S
20240319;104622;1402.6;1;9889313150;S
20240319;104622;1402.6;11;9889313151;S
20240319;104622;1402.6;40;9889313152;S
20240319;104622;1402.4;14;9889313153;S
20240319;104628;1403;10;9889314353;B
20240319;104635;1403;1;9889315579;B
20240319;104635;1403;5;9889315580;B
20240319;104635;1403;4;9889315581;B
20240319;104655;1402.6;1;9889319081;S
20240319;104657;1402.6;2;9889319365;S
20240319;104657;1403;1;9889319406;B
20240319;104658;1403;1;9889319608;B
20240319;104700;1403;7;9889319838;B
20240319;104704;1403;11;9889320424;B
20240319;104704;1403;40;9889320425;B
20240319;104704;1403.2;3;9889320426;B
20240319;104704;1403.2;34;9889320427;B
20240319;104704;1403.2;12;9889320428;B
20240319;104704;1403.2;1;9889320528;B
20240319;104707;1402.6;5;9889321101;S
20240319;104714;1403.2;1;9889322186;B
20240319;104717;1402.6;3;9889322642;S
20240319;104717;1402.6;16;9889322643;S
20240319;104719;1403.2;6;9889322946;B
20240319;104720;1403.2;1;9889323231;B
20240319;104720;1403.2;1;9889323252;B
20240319;104721;1403.2;10;9889323490;B
20240319;104738;1403.2;1;9889326290;B
20240319;104743;1403.4;2;9889327002;B
20240319;104743;1403.4;3;9889327003;B
20240319;104744;1403;2;9889327120;S
20240319;104756;1403.4;1;9889328664;B
20240319;104808;1403;5;9889330862;S
20240319;104809;1403;1;9889330966;S
20240319;104815;1403;2;9889332091;S
20240319;104815;1403;19;9889332092;S
20240319;104819;1402.8;10;9889332762;S
20240319;104821;1402.8;3;9889333185;S
20240319;104822;1402.8;4;9889333356;S
20240319;104830;1402.8;1;9889334712;S
20240319;104830;1402.8;57;9889334744;S
20240319;104832;1403;1;9889334936;B
20240319;104833;1402.8;350;9889335447;S
20240319;104838;1403;1;9889336403;B
20240319;104842;1403;1;9889337144;B
20240319;104842;1402.8;4;9889337158;S
20240319;104845;1403;1;9889337780;B
20240319;104857;1403;10;9889339350;B
20240319;104857;1403;10;9889339351;B
20240319;104857;1403;10;9889339352;B
20240319;104859;1402.8;4;9889339510;S
20240319;104902;1403;8;9889339932;B
20240319;104909;1403;1;9889341121;B
20240319;104912;1403;1;9889341553;B
20240319;104913;1403.2;4;9889341579;B
20240319;104913;1403.2;2;9889341580;B
20240319;104915;1403.2;5;9889341997;B
20240319;104917;1403.2;100;9889342571;B
20240319;104919;1403.2;4;9889342995;B
20240319;104919;1403.2;32;9889343014;B
20240319;104919;1403.2;214;9889343015;B
20240319;104919;1403.2;20;9889343016;B
20240319;104920;1403.4;1;9889343174;B
20240319;104923;1403.2;16;9889343624;S
20240319;104924;1403.4;1;9889344099;B
20240319;104925;1403.4;1;9889344108;B
20240319;104925;1403.4;20;9889344185;B
20240319;104927;1403.4;22;9889344404;B
20240319;104927;1403.4;4;9889344417;B
20240319;104927;1403.4;1;9889344418;B
20240319;104931;1403.2;4;9889345143;S
20240319;104938;1403.2;14;9889346165;S
20240319;104938;1403.2;15;9889346166;S
20240319;104941;1403.2;51;9889346654;B
20240319;104941;1403.4;149;9889346655;B
20240319;104941;1403.4;14;9889346656;B
20240319;104941;1403.4;39;9889346657;B
20240319;104941;1403.4;136;9889346658;B
20240319;104941;1403.4;100;9889346659;S
20240319;104941;1403.4;11;9889346660;S
20240319;104941;1403;13;9889346662;S
20240319;104942;1403.4;4;9889346815;B
20240319;104944;1403.4;6;9889346982;B
20240319;104944;1403.4;70;9889347115;B
20240319;104958;1403.4;2;9889349375;B
20240319;104959;1403;2;9889349498;S
20240319;105001;1403.4;7;9889349847;B
20240319;105001;1403.4;10;9889349848;B
20240319;105001;1403.4;13;9889349849;B
20240319;105008;1403.4;41;9889350527;B
20240319;105015;1403.6;2;9889351700;B
20240319;105022;1403.6;1;9889352687;B
20240319;105022;1403.6;12;9889352772;B
20240319;105022;1403.6;28;9889352773;B
20240319;105026;1403.6;11;9889353174;B
20240319;105026;1403.6;5;9889353208;B
20240319;105027;1403.4;3;9889353513;S
20240319;105032;1403;10;9889354101;S
20240319;105038;1403.4;2;9889355213;B
20240319;105045;1403.2;1;9889356177;B
20240319;105055;1403.4;14;9889357767;B
20240319;105103;1403.2;1;9889358816;B
20240319;105104;1403;1;9889358931;S
20240319;105110;1403.2;1;9889359690;B
20240319;105116;1403.2;1;9889360389;B
20240319;105118;1403;99;9889360706;S
20240319;105118;1403;1;9889360707;S
20240319;105118;1403;1;9889360708;S
20240319;105118;1403;1;9889360709;S
20240319;105118;1402.8;3;9889360710;S
20240319;105118;1402.8;1;9889360711;S
20240319;105118;1402.8;95;9889360712;S
20240319;105118;1402.8;1;9889360713;S
20240319;105118;1402.8;11;9889360714;S
20240319;105118;1402.8;5;9889360715;S
20240319;105118;1402.8;5;9889360716;S
20240319;105118;1402.8;5;9889360717;S
20240319;105118;1402.8;5;9889360718;S
20240319;105118;1402.8;5;9889360719;S
20240319;105118;1402.8;5;9889360720;S
20240319;105118;1402.8;5;9889360721;S
20240319;105118;1402.8;5;9889360722;S
20240319;105118;1402.8;1;9889360723;S
20240319;105118;1402.8;20;9889360724;S
20240319;105118;1402.8;38;9889360725;S
20240319;105118;1402.6;1;9889360726;S
20240319;105118;1402.6;200;9889360727;S
20240319;105118;1402.6;1;9889360728;S
20240319;105118;1402.6;5;9889360729;S
20240319;105118;1402.6;10;9889360730;S
20240319;105118;1402.4;86;9889360731;S
20240319;105118;1402.4;2;9889360732;S
20240319;105118;1402.4;4;9889360733;S
20240319;105118;1402.4;1;9889360734;S
20240319;105118;1402.4;100;9889360735;S
20240319;105118;1402.4;30;9889360736;S
20240319;105118;1402.4;10;9889360737;S
20240319;105118;1402.4;10;9889360738;S
20240319;105118;1402.4;10;9889360739;S
20240319;105118;1402.4;10;9889360740;S
20240319;105118;1402.4;10;9889360741;S
20240319;105118;1402.4;10;9889360742;S
20240319;105118;1402.4;10;9889360743;S
20240319;105118;1402.4;10;9889360744;S
20240319;105118;1402.4;1;9889360745;S
20240319;105118;1402.4;5;9889360746;S
20240319;105118;1402.4;1;9889360747;S
20240319;105118;1402.4;50;9889360748;S
20240319;105118;1402.4;1;9889360749;S
20240319;105118;1402.4;57;9889360750;S
20240319;105118;1402.4;500;9889360751;S
20240319;105118;1402.4;10;9889360752;S
20240319;105118;1402.2;57;9889360753;S
20240319;105118;1402.2;1500;9889360754;S
20240319;105118;1402.2;1;9889360755;S
20240319;105118;1402.2;5;9889360756;S
20240319;105118;1402.2;5;9889360757;S
20240319;105118;1402.2;10;9889360758;S
20240319;105118;1402.2;10;9889360759;S
20240319;105118;1402.2;60;9889360760;S
20240319;105118;1402;5;9889360761;S
20240319;105118;1402;27;9889360762;S
20240319;105118;1402;10;9889360763;S
20240319;105118;1402;1;9889360764;S
20240319;105118;1402;10;9889360765;S
20240319;105118;1402;1;9889360766;S
20240319;105118;1402;30;9889360767;S
20240319;105118;1402;63;9889360768;S
20240319;105118;1402;10;9889360769;S
20240319;105118;1402;2;9889360770;S
20240319;105118;1402;57;9889360771;S
20240319;105118;1402;352;9889360772;S
20240319;105118;1402;400;9889360773;S
20240319;105118;1402;10;9889360774;S
20240319;105118;1402;1;9889360775;S
20240319;105118;1402;13431;9889360776;S
20240319;105118;1402;2;9889360777;S
20240319;105118;1402;45;9889360778;B
20240319;105118;1402;7;9889360779;B
20240319;105118;1402;61;9889360780;B
20240319;105118;1401.8;10;9889360782;S
20240319;105118;1401.8;90;9889360783;S
20240319;105118;1402;18;9889360786;B
20240319;105118;1401.8;1;9889360792;S
20240319;105120;1402;3;9889361053;B
20240319;105124;1401.8;4;9889361708;S
20240319;105125;1402;6;9889361749;B
20240319;105126;1402;3;9889362038;B
20240319;105131;1402;1;9889362719;B
20240319;105134;1402;50;9889363078;B
20240319;105135;1401.8;66;9889363133;S
20240319;105136;1402;958;9889363373;B
20240319;105136;1402;20;9889363374;B
20240319;105138;1402;119;9889363748;S
20240319;105141;1402.2;16;9889364038;B
20240319;105141;1402.2;1;9889364244;B
20240319;105141;1402.2;14;9889364265;B
20240319;105146;1402.2;183;9889364794;B
20240319;105146;1402.2;20;9889364795;B
20240319;105146;1402.2;205;9889364796;B
20240319;105146;1402.2;10;9889364797;B
20240319;105146;1402.4;11;9889364798;B
20240319;105146;1402.4;57;9889364799;B
20240319;105146;1402.4;40;9889364800;B
20240319;105146;1402.4;139;9889364801;B
20240319;105146;1402.6;57;9889364802;B
20240319;105146;1402.6;10;9889364803;B
20240319;105146;1402.6;86;9889364804;B
20240319;105146;1402.6;5;9889364805;B
20240319;105146;1402.6;75;9889364806;B
20240319;105146;1402.6;10;9889364807;B
20240319;105146;1402.8;57;9889364808;B
20240319;105146;1402.8;200;9889364809;B
20240319;105146;1402.8;5;9889364810;B
20240319;105146;1402.8;60;9889364811;B
20240319;105146;1403;142;9889364812;B
20240319;105146;1403;7;9889364813;B
20240319;105146;1403;100;9889364814;B
20240319;105146;1403.2;10;9889364815;B
20240319;105146;1403.2;10;9889364816;B
20240319;105146;1403.2;10;9889364817;B
20240319;105146;1403.2;10;9889364818;B
20240319;105146;1403.2;10;9889364819;B
20240319;105146;1403.2;10;9889364820;B
20240319;105146;1403.2;10;9889364821;B
20240319;105146;1403.2;10;9889364822;B
20240319;105146;1403.2;5;9889364823;B
20240319;105146;1403.2;4;9889364824;B
20240319;105146;1403.4;15;9889364825;B
20240319;105146;1403.4;120;9889364826;B
20240319;105146;1403.6;93;9889364827;B
20240319;105146;1403.6;1;9889364828;B
20240319;105146;1403.6;1;9889364829;B
20240319;105146;1403.6;1;9889364830;B
20240319;105146;1403.6;102;9889364831;B
20240319;105146;1403.2;1;9889364835;B
20240319;105146;1402.2;10;9889364914;S
20240319;105147;1402.8;90;9889364962;B
20240319;105151;1403;1;9889365525;B
20240319;105152;1403.2;2;9889365626;B
20240319;105158;1403;10;9889366423;B
20240319;105216;1402.8;2;9889368392;B
20240319;105216;1402.8;3;9889368393;B
20240319;105216;1402.8;7;9889368394;B
20240319;105218;1402.6;1;9889368708;B
20240319;105220;1402.2;10;9889368949;S
20240319;105246;1402.4;1;9889371823;B
20240319;105247;1402.2;15;9889372025;S
20240319;105253;1402.2;1;9889372869;B
20240319;105254;1402.2;4;9889373008;B
20240319;105257;1402;1;9889373305;S
20240319;105258;1402.2;5;9889373375;B
20240319;105301;1402.2;4;9889373740;B
20240319;105301;1402.2;2;9889373741;B
20240319;105302;1402.2;1;9889373864;B
20240319;105302;1402.2;1;9889373901;B
20240319;105310;1402.2;1;9889374650;B
20240319;105310;1402.2;12;9889374703;B
20240319;105313;1402;10;9889374924;S
20240319;105316;1402.2;5;9889375276;B
20240319;105316;1402;39;9889375373;S
20240319;105317;1402.2;1;9889375425;B
20240319;105320;1402.2;2;9889375765;B
20240319;105320;1402.2;1;9889375792;B
20240319;105321;1402.2;1;9889375880;B
20240319;105322;1402;2;9889375963;S
20240319;105323;1402;1;9889376159;S
20240319;105324;1402.2;100;9889376226;B
20240319;105326;1402.2;1;9889376461;B
20240319;105326;1402;32;9889376462;S
20240319;105326;1402.2;14;9889376496;B
20240319;105328;1402;1;9889376646;S
20240319;105336;1402.2;2;9889377255;B
20240319;105338;1402;3;9889377464;S
20240319;105340;1402.2;1;9889377565;B
20240319;105340;1402;2;9889377618;S
20240319;105342;1402;1;9889377779;S
20240319;105346;1402.2;21;9889378024;B
20240319;105346;1402;1;9889378035;S
20240319;105347;1402.2;1;9889378071;B
20240319;105354;1402;1;9889378608;S
20240319;105357;1402.2;77;9889378833;B
20240319;105357;1402.2;100;9889378834;B
20240319;105357;1402.2;1;9889378835;B
20240319;105357;1402.2;40;9889378836;B
20240319;105357;1402.4;137;9889378837;B
20240319;105357;1402.6;20;9889378838;B
20240319;105357;1402.8;60;9889378839;B
20240319;105357;1402.8;57;9889378840;B
20240319;105357;1403;1;9889378841;B
20240319;105357;1403;1;9889378842;B
20240319;105357;1403;57;9889378843;B
20240319;105357;1403.2;57;9889378844;B
20240319;105357;1403.2;10;9889378845;B
20240319;105357;1403.2;214;9889378846;B
20240319;105357;1403.2;142;9889378847;B
20240319;105357;1403.4;8;9889378848;B
20240319;105357;1403.4;18;9889378849;B
20240319;105358;1403.2;19;9889378946;B
20240319;105358;1403.2;73;9889378947;S
20240319;105358;1403.2;1;9889378948;S
20240319;105358;1403.2;7;9889378949;S
20240319;105408;1402.8;1;9889379948;S
20240319;105411;1402.8;1;9889380157;S
20240319;105416;1403;40;9889380633;B
20240319;105416;1403.2;1;9889380634;B
