<DATE>;<TIME>;<LAST>;<VOL>;<ID>;<OPER>
20240213;095954;1411.600000000;2;9591013592;S
20240213;095954;1411.600000000;8;9591013593;S
20240213;095954;1411.600000000;1;9591013594;S
20240213;095954;1411.600000000;5;9591013595;S
20240213;095954;1411.600000000;1;9591013596;S
20240213;095954;1411.600000000;1;9591013597;S
20240213;095954;1411.600000000;1;9591013598;S
20240213;095954;1411.600000000;1;9591013599;B
20240213;095954;1411.600000000;2;9591013600;B
20240213;095954;1411.600000000;1;9591013601;B
20240213;095954;1411.600000000;8;9591013602;S
20240213;095954;1411.600000000;7;9591013603;S
20240213;095954;1411.600000000;1;9591013604;B
20240213;095954;1411.600000000;3;9591013605;B
20240213;095954;1411.600000000;20;9591013606;S
20240213;095954;1411.600000000;2;9591013607;S
20240213;095954;1411.600000000;8;9591013608;S
20240213;095954;1411.600000000;2;9591013609;S
20240213;095954;1411.600000000;2;9591013610;S
20240213;095954;1411.600000000;12;9591013611;S
20240213;095954;1411.600000000;3;9591013612;S
20240213;095954;1411.600000000;90;9591013613;S
20240213;095954;1411.600000000;1;9591013614;B
20240213;095954;1411.600000000;9;9591013615;B
20240213;095954;1411.600000000;3;9591013616;B
20240213;095954;1411.600000000;2;9591013617;B
20240213;095954;1411.600000000;2;9591013618;B
20240213;095954;1411.600000000;2;9591013619;B
20240213;095954;1411.600000000;1;9591013620;B
20240213;095954;1411.600000000;32;9591013621;B
20240213;095954;1411.600000000;1;9591013622;B
20240213;095954;1411.600000000;1;9591013623;B
20240213;095954;1411.600000000;2;9591013624;B
20240213;095954;1411.600000000;10;9591013625;B
20240213;095954;1411.600000000;4;9591013626;B
20240213;095954;1411.600000000;10;9591013627;B
20240213;095954;1411.600000000;3;9591013628;B
20240213;095954;1411.600000000;3;9591013629;B
20240213;095954;1411.600000000;20;9591013630;B
20240213;095954;1411.600000000;10;9591013631;B
20240213;095954;1411.600000000;10;9591013632;B
20240213;095954;1411.600000000;1;9591013633;S
20240213;095954;1411.600000000;1;9591013634;S
20240213;095954;1411.600000000;1;9591013635;B
20240213;095954;1411.600000000;1;9591013636;S
20240213;095954;1411.600000000;3;9591013637;S
20240213;095954;1411.600000000;5;9591013638;B
20240213;095954;1411.600000000;4;9591013639;S
20240213;095954;1411.600000000;1;9591013640;S
20240213;095954;1411.600000000;5;9591013641;S
20240213;095954;1411.600000000;35;9591013642;S
20240213;095954;1411.600000000;2;9591013643;S
20240213;095954;1411.600000000;1;9591013644;S
20240213;095954;1411.600000000;1;9591013645;S
20240213;095954;1411.600000000;1;9591013646;S
20240213;095954;1411.600000000;1;9591013647;B
20240213;095954;1411.600000000;1;9591013648;B
20240213;095954;1411.600000000;1;9591013649;B
20240213;095954;1411.600000000;2;9591013650;B
20240213;095954;1411.600000000;1;9591013651;B
20240213;095954;1411.600000000;6;9591013652;B
20240213;095954;1411.600000000;2;9591013653;B
20240213;095954;1411.600000000;2;9591013654;B
20240213;095954;1411.600000000;3;9591013655;B
20240213;095954;1411.600000000;1;9591013656;B
20240213;095954;1411.600000000;4;9591013657;B
20240213;095954;1411.600000000;2;9591013658;B
20240213;095954;1411.600000000;1;9591013659;B
20240213;095954;1411.600000000;2;9591013660;B
20240213;095954;1411.600000000;3;9591013661;B
20240213;095954;1411.600000000;2;9591013662;B
20240213;095954;1411.600000000;70;9591013663;B
20240213;095954;1411.600000000;20;9591013664;B
20240213;095954;1411.600000000;1;9591013665;B
20240213;095954;1411.600000000;33;9591013666;B
20240213;095954;1411.600000000;4;9591013667;B
20240213;095954;1411.600000000;1;9591013668;B
20240213;095954;1411.600000000;3;9591013669;B
20240213;095954;1411.600000000;3;9591013670;B
20240213;095954;1411.600000000;1;9591013671;B
20240213;095954;1411.600000000;3;9591013672;B
20240213;095954;1411.600000000;1;9591013673;B
20240213;095954;1411.600000000;5;9591013674;B
20240213;100000;1411.600000000;100;9591014792;B
20240213;100000;1411.600000000;74;9591014797;B
20240213;100000;1411.800000000;5;9591014823;B
20240213;100000;1412.600000000;3;9591014824;B
20240213;100000;1412.600000000;5;9591014878;S
20240213;100000;1412.600000000;2;9591014879;S
20240213;100000;1412.600000000;285;9591014886;S
20240213;100000;1412.000000000;10;9591014982;S
20240213;100000;1412.200000000;56;9591015332;B
20240213;100000;1412.200000000;16;9591015333;B
20240213;100001;1412.200000000;28;9591015625;B
20240213;100001;1411.600000000;26;9591015733;S
20240213;100001;1411.600000000;1;9591015734;S
20240213;100001;1411.400000000;31;9591015735;S
20240213;100001;1411.400000000;50;9591015736;S
20240213;100001;1411.400000000;16;9591015737;S
20240213;100001;1411.400000000;14;9591015738;S
20240213;100001;1411.000000000;134;9591015739;S
20240213;100001;1412.200000000;10;9591016390;B
20240213;100002;1412.400000000;119;9591016754;B
20240213;100002;1412.400000000;71;9591016784;B
20240213;100002;1412.800000000;7;9591016856;B
20240213;100002;1413.000000000;10;9591016857;B
20240213;100002;1413.000000000;3;9591016858;B
20240213;100002;1413.000000000;32;9591016859;B
20240213;100002;1413.000000000;56;9591016860;B
20240213;100002;1413.200000000;33;9591016861;B
20240213;100002;1413.000000000;1;9591017053;B
20240213;100003;1413.000000000;9;9591017317;B
20240213;100004;1413.000000000;1;9591017550;B
20240213;100005;1412.200000000;1;9591018113;S
20240213;100005;1413.200000000;1;9591018117;B
20240213;100005;1412.200000000;3;9591018230;S
20240213;100005;1413.200000000;1;9591018515;B
20240213;100005;1413.200000000;1;9591018678;B
20240213;100005;1413.200000000;12;9591018872;B
20240213;100005;1413.200000000;23;9591018873;B
20240213;100005;1413.000000000;8;9591018901;S
20240213;100005;1413.400000000;1;9591019121;B
20240213;100006;1413.400000000;1;9591019446;B
20240213;100006;1413.200000000;21;9591019638;S
20240213;100006;1413.400000000;1;9591019825;B
20240213;100006;1413.400000000;1;9591019982;B
20240213;100006;1413.400000000;1;9591020043;B
20240213;100006;1413.400000000;10;9591020197;B
20240213;100006;1413.400000000;6;9591020314;B
20240213;100007;1413.400000000;10;9591020785;B
20240213;100007;1413.000000000;3;9591021109;S
20240213;100007;1413.400000000;1;9591021110;B
20240213;100007;1413.200000000;80;9591021369;S
20240213;100007;1413.200000000;1;9591021373;S
20240213;100007;1413.400000000;1;9591021465;B
20240213;100007;1413.400000000;1;9591021466;B
20240213;100007;1413.200000000;5;9591021467;S
20240213;100007;1413.200000000;1;9591021468;S
20240213;100008;1413.400000000;1;9591021843;B
20240213;100008;1413.400000000;20;9591021998;B
20240213;100008;1413.400000000;1;9591022148;B
20240213;100009;1413.200000000;51;9591022583;S
20240213;100009;1413.200000000;11;9591022584;S
20240213;100009;1413.400000000;61;9591022585;B
20240213;100009;1413.600000000;8;9591022586;B
20240213;100009;1413.600000000;64;9591022587;B
20240213;100009;1413.600000000;26;9591022588;B
20240213;100009;1413.800000000;8;9591022589;B
20240213;100009;1413.800000000;8;9591022590;B
20240213;100009;1413.800000000;8;9591022591;B
20240213;100009;1413.800000000;83;9591022592;B
20240213;100010;1413.800000000;3;9591023271;B
20240213;100010;1413.800000000;3;9591023348;B
20240213;100010;1413.600000000;17;9591023409;S
20240213;100010;1413.800000000;2;9591023424;B
20240213;100010;1413.600000000;18;9591023618;S
20240213;100010;1413.800000000;2;9591023639;B
20240213;100010;1413.800000000;3;9591023676;B
20240213;100011;1413.600000000;4;9591023753;S
20240213;100011;1413.600000000;17;9591023778;S
20240213;100011;1413.800000000;22;9591023864;B
20240213;100011;1413.800000000;7;9591023895;B
20240213;100011;1413.800000000;1;9591024001;B
20240213;100011;1413.800000000;1;9591024013;B
20240213;100011;1413.800000000;1;9591024046;B
20240213;100014;1413.600000000;1;9591024706;S
20240213;100016;1413.600000000;43;9591025148;S
20240213;100016;1413.600000000;140;9591025149;S
20240213;100017;1412.800000000;4;9591025363;S
20240213;100018;1412.800000000;7;9591025645;S
20240213;100021;1413.400000000;3;9591026260;B
20240213;100021;1413.400000000;1;9591026347;B
20240213;100022;1413.400000000;7;9591026713;B
20240213;100023;1413.200000000;9;9591026938;S
20240213;100026;1412.800000000;56;9591027708;S
20240213;100026;1412.800000000;1;9591027709;S
20240213;100026;1412.800000000;2;9591027710;S
20240213;100026;1412.800000000;2;9591027711;S
20240213;100026;1412.800000000;1;9591027712;S
20240213;100026;1412.800000000;1;9591027713;S
20240213;100026;1412.800000000;2;9591027714;S
20240213;100026;1412.800000000;2;9591027715;S
20240213;100030;1412.600000000;25;9591028765;B
20240213;100030;1412.800000000;3175;9591028766;B
20240213;100031;1412.600000000;10;9591029051;B
20240213;100031;1412.600000000;15;9591029225;B
20240213;100031;1412.800000000;35;9591029226;B
20240213;100032;1412.800000000;3;9591029246;B
20240213;100033;1412.800000000;1;9591029508;B
20240213;100034;1412.800000000;7;9591029744;B
20240213;100035;1412.200000000;3;9591029998;S
20240213;100035;1412.200000000;1;9591029999;S
20240213;100035;1412.200000000;16;9591030000;S
20240213;100035;1412.000000000;51;9591030001;S
20240213;100035;1411.800000000;213;9591030002;S
20240213;100035;1411.800000000;56;9591030003;S
20240213;100035;1411.600000000;56;9591030004;S
20240213;100035;1411.600000000;200;9591030005;S
20240213;100035;1411.600000000;25;9591030006;S
20240213;100035;1411.400000000;150;9591030007;S
20240213;100035;1411.400000000;56;9591030008;S
20240213;100035;1411.400000000;80;9591030009;S
20240213;100035;1411.200000000;2;9591030010;S
20240213;100035;1411.200000000;141;9591030011;S
20240213;100035;1410.600000000;1;9591030012;S
20240213;100035;1410.600000000;142;9591030013;S
20240213;100035;1410.600000000;16;9591030014;S
20240213;100035;1410.600000000;700;9591030015;S
20240213;100035;1410.400000000;1400;9591030016;S
20240213;100035;1410.200000000;111;9591030017;S
20240213;100035;1410.000000000;15;9591030018;S
20240213;100035;1410.000000000;10;9591030019;S
20240213;100035;1410.000000000;1;9591030020;S
20240213;100035;1410.000000000;20;9591030021;S
20240213;100035;1410.000000000;150;9591030022;S
20240213;100035;1410.000000000;1;9591030023;S
20240213;100035;1410.000000000;75;9591030024;S
20240213;100035;1410.000000000;3608;9591030025;S
20240213;100035;1410.800000000;10;9591030085;S
20240213;100037;1411.800000000;2;9591030381;B
20240213;100037;1411.600000000;5;9591030420;B
20240213;100038;1411.600000000;1;9591030591;B
20240213;100039;1411.600000000;5;9591030712;B
20240213;100039;1411.600000000;18;9591030726;B
20240213;100039;1411.600000000;1;9591030828;B
20240213;100039;1411.600000000;1;9591030829;B
20240213;100039;1411.800000000;17;9591030830;B
20240213;100040;1411.600000000;20;9591031273;B
20240213;100042;1411.800000000;1;9591031646;B
20240213;100043;1411.800000000;300;9591031821;B
20240213;100045;1411.800000000;11;9591032261;B
20240213;100046;1411.800000000;1;9591032267;B
20240213;100049;1411.600000000;27;9591032896;S
20240213;100049;1411.600000000;29;9591032962;S
20240213;100049;1411.600000000;25;9591032963;S
20240213;100049;1411.400000000;37;9591032964;S
20240213;100049;1411.400000000;56;9591032965;S
20240213;100049;1411.200000000;3;9591032966;S
20240213;100050;1411.600000000;2;9591033080;B
20240213;100050;1411.600000000;17;9591033194;S
20240213;100050;1411.800000000;16;9591033220;B
20240213;100052;1412.000000000;1;9591033539;B
20240213;100052;1412.000000000;1;9591033540;B
20240213;100052;1412.000000000;2;9591033702;B
20240213;100052;1412.200000000;439;9591033710;B
20240213;100055;1412.400000000;50;9591034175;S
20240213;100055;1412.600000000;1;9591034187;B
20240213;100058;1412.400000000;2;9591034723;S
20240213;100100;1412.600000000;1;9591035339;B
20240213;100101;1412.400000000;61;9591035453;S
20240213;100101;1412.400000000;65;9591035454;S
20240213;100103;1412.400000000;1;9591035836;B
20240213;100104;1412.400000000;6;9591036024;B
20240213;100104;1412.200000000;213;9591036025;S
20240213;100104;1412.200000000;65;9591036026;S
20240213;100105;1412.200000000;158;9591036124;B
20240213;100105;1412.600000000;5;9591036146;B
20240213;100106;1412.600000000;3;9591036349;B
20240213;100107;1412.600000000;5;9591036426;B
20240213;100107;1412.200000000;33;9591036427;S
20240213;100107;1412.200000000;150;9591036467;S
20240213;100112;1412.600000000;2;9591037127;B
20240213;100113;1412.600000000;5;9591037268;B
20240213;100113;1412.400000000;6;9591037277;S
20240213;100114;1412.400000000;4;9591037353;S
20240213;100114;1412.400000000;1;9591037354;S
20240213;100114;1412.200000000;2;9591037370;S
20240213;100114;1412.200000000;213;9591037371;S
20240213;100114;1412.000000000;56;9591037372;S
20240213;100114;1412.000000000;5;9591037373;S
20240213;100114;1411.800000000;56;9591037374;S
20240213;100114;1411.800000000;100;9591037375;S
20240213;100114;1411.800000000;21;9591037376;S
20240213;100114;1411.800000000;25;9591037377;S
20240213;100114;1411.800000000;54;9591037378;S
20240213;100114;1412.400000000;6;9591037419;S
20240213;100114;1412.400000000;3;9591037420;S
20240213;100114;1412.400000000;87;9591037421;S
20240213;100114;1412.400000000;18;9591037439;S
20240213;100115;1412.000000000;1;9591037531;B
20240213;100115;1412.000000000;1;9591037562;B
20240213;100116;1412.000000000;1;9591037767;B
20240213;100118;1411.600000000;19;9591038012;S
20240213;100118;1412.000000000;17;9591038039;B
20240213;100118;1412.200000000;3;9591038040;B
20240213;100119;1411.600000000;5;9591038158;S
20240213;100120;1412.000000000;1;9591038484;S
20240213;100120;1412.200000000;1;9591038491;B
20240213;100120;1412.600000000;20;9591038492;B
20240213;100120;1412.600000000;30;9591038493;B
20240213;100120;1412.800000000;1;9591038494;B
20240213;100120;1412.800000000;22;9591038495;B
20240213;100120;1412.800000000;141;9591038496;B
20240213;100120;1412.800000000;25;9591038497;B
20240213;100120;1413.000000000;16;9591038498;B
20240213;100120;1413.000000000;64;9591038499;B
20240213;100121;1412.800000000;25;9591038569;B
20240213;100121;1413.000000000;5;9591038570;B
20240213;100122;1412.800000000;1;9591038721;B
20240213;100123;1412.800000000;1;9591038764;B
20240213;100125;1413.000000000;2;9591039023;B
20240213;100126;1412.000000000;2;9591039261;B
20240213;100126;1412.600000000;25;9591039262;B
20240213;100126;1413.000000000;14;9591039263;B
20240213;100126;1413.000000000;195;9591039264;B
20240213;100126;1413.000000000;213;9591039265;B
20240213;100126;1413.200000000;56;9591039266;B
20240213;100126;1413.200000000;141;9591039267;B
20240213;100126;1413.200000000;54;9591039268;B
20240213;100127;1412.200000000;2;9591039383;S
20240213;100127;1413.200000000;25;9591039389;B
20240213;100127;1413.200000000;19;9591039416;S
20240213;100130;1413.400000000;1;9591039772;B
20240213;100131;1413.400000000;2;9591039947;B
20240213;100133;1413.600000000;2;9591040207;B
20240213;100133;1413.200000000;1;9591040254;S
20240213;100134;1413.600000000;3;9591040297;B
20240213;100135;1413.600000000;4;9591040489;B
20240213;100136;1413.400000000;1;9591040650;S
20240213;100138;1413.400000000;21;9591041032;S
20240213;100139;1413.400000000;1;9591041163;S
20240213;100139;1413.600000000;3;9591041210;B
20240213;100142;1413.400000000;2;9591041601;S
20240213;100143;1413.400000000;1;9591041730;S
20240213;100144;1413.400000000;1;9591042069;S
20240213;100145;1413.400000000;10;9591042250;S
20240213;100146;1413.600000000;1;9591042366;B
20240213;100146;1413.400000000;1;9591042416;S
20240213;100146;1413.600000000;1;9591042471;B
20240213;100147;1413.600000000;42;9591042511;B
20240213;100147;1413.800000000;1;9591042512;B
20240213;100147;1413.800000000;27;9591042513;B
20240213;100148;1413.800000000;28;9591043039;B
20240213;100148;1413.600000000;1;9591043153;S
20240213;100149;1413.800000000;15;9591043198;B
20240213;100149;1413.800000000;16;9591043201;B
20240213;100149;1413.800000000;1;9591043236;B
20240213;100149;1413.800000000;1;9591043259;B
20240213;100150;1413.800000000;149;9591043326;S
20240213;100150;1413.600000000;51;9591043327;S
20240213;100150;1414.000000000;20;9591043366;B
20240213;100150;1414.000000000;5;9591043367;B
20240213;100150;1414.000000000;3;9591043368;B
20240213;100150;1414.000000000;3;9591043369;B
20240213;100150;1414.000000000;2390;9591043370;B
20240213;100150;1414.000000000;56;9591043371;B
20240213;100150;1414.000000000;1;9591043372;B
20240213;100150;1414.000000000;22;9591043373;B
20240213;100150;1414.000000000;100;9591043384;S
20240213;100154;1414.400000000;10;9591044003;B
20240213;100154;1414.400000000;56;9591044005;B
20240213;100154;1414.600000000;50;9591044006;B
20240213;100154;1414.600000000;3;9591044007;B
20240213;100154;1414.600000000;3;9591044008;B
20240213;100154;1414.600000000;3;9591044009;B
20240213;100154;1414.600000000;21;9591044010;B
20240213;100155;1414.400000000;1;9591044363;S
20240213;100156;1414.600000000;35;9591044419;B
20240213;100156;1414.600000000;65;9591044420;B
20240213;100156;1414.600000000;3;9591044473;B
20240213;100156;1414.600000000;20;9591044484;B
20240213;100156;1414.600000000;6;9591044559;B
20240213;100157;1414.400000000;22;9591044571;S
20240213;100157;1414.200000000;1;9591044572;S
20240213;100157;1413.600000000;1;9591044573;S
20240213;100157;1413.600000000;1;9591044582;S
20240213;100157;1413.600000000;10;9591044625;S
20240213;100201;1414.000000000;3;9591045167;B
20240213;100201;1413.800000000;1;9591045203;S
20240213;100201;1414.000000000;49;9591045236;B
20240213;100201;1414.000000000;11;9591045237;B
20240213;100201;1414.200000000;56;9591045258;B
20240213;100201;1414.400000000;56;9591045259;B
20240213;100201;1414.400000000;70;9591045260;B
20240213;100201;1414.600000000;18;9591045261;B
20240213;100202;1414.400000000;1;9591045343;S
20240213;100204;1414.400000000;1;9591045813;S
20240213;100205;1414.400000000;3;9591045930;S
20240213;100206;1414.400000000;1;9591046000;S
20240213;100207;1414.600000000;10;9591046193;B
20240213;100207;1414.600000000;1;9591046194;B
20240213;100207;1414.800000000;56;9591046195;B
20240213;100207;1414.800000000;141;9591046196;B
20240213;100207;1415.000000000;2;9591046197;B
20240213;100207;1414.400000000;1;9591046217;S
20240213;100208;1415.000000000;1;9591046263;B
20240213;100208;1415.000000000;43;9591046264;B
20240213;100208;1414.600000000;2;9591046351;S
20240213;100208;1414.600000000;41;9591046368;S
20240213;100208;1414.400000000;57;9591046369;S
20240213;100208;1414.200000000;26;9591046370;S
20240213;100208;1414.000000000;25;9591046371;S
20240213;100208;1414.000000000;51;9591046372;S
20240213;100209;1414.600000000;15;9591046522;S
20240213;100209;1414.600000000;1;9591046555;S
20240213;100210;1414.800000000;8;9591046654;B
20240213;100210;1415.000000000;10;9591046655;B
20240213;100214;1414.600000000;7;9591047439;S
20240213;100215;1415.000000000;2;9591047568;B
20240213;100216;1414.800000000;8;9591047964;S
20240213;100217;1414.800000000;1;9591048033;S
20240213;100221;1415.000000000;1;9591048673;B
20240213;100221;1415.000000000;43;9591048794;B
20240213;100221;1415.000000000;1;9591048795;B
20240213;100221;1415.000000000;6;9591048796;B
20240213;100221;1415.000000000;1;9591048797;B
20240213;100221;1415.000000000;6;9591048798;B
20240213;100221;1415.000000000;1;9591048799;B
20240213;100221;1415.000000000;4;9591048800;B
20240213;100221;1415.000000000;1;9591048801;B
20240213;100221;1415.000000000;7;9591048802;B
20240213;100222;1415.000000000;1;9591048884;B
20240213;100222;1415.000000000;4;9591049005;B
20240213;100223;1414.600000000;10;9591049085;S
20240213;100224;1415.000000000;3;9591049241;B
20240213;100224;1415.000000000;5;9591049268;B
20240213;100224;1415.000000000;2;9591049315;B
20240213;100226;1415.000000000;2;9591049493;B
20240213;100227;1415.000000000;16;9591049610;B
20240213;100228;1415.000000000;10;9591049748;B
20240213;100231;1415.000000000;8;9591050184;B
20240213;100232;1415.000000000;4;9591050263;B
20240213;100232;1415.000000000;1;9591050273;B
20240213;100232;1414.800000000;131;9591050295;S
20240213;100232;1414.800000000;213;9591050313;B
20240213;100232;1415.000000000;10;9591050314;B
20240213;100232;1415.000000000;50;9591050315;B
20240213;100232;1415.000000000;4;9591050316;B
20240213;100232;1415.000000000;25;9591050317;B
20240213;100232;1415.000000000;6;9591050318;B
20240213;100232;1415.000000000;25;9591050319;B
20240213;100233;1415.000000000;1;9591050466;S
20240213;100233;1415.000000000;16;9591050500;S
20240213;100233;1415.000000000;16;9591050757;S
20240213;100234;1415.000000000;200;9591050787;S
20240213;100235;1415.000000000;1;9591050986;S
20240213;100235;1415.200000000;1;9591051054;B
20240213;100235;1415.200000000;2;9591051099;B
20240213;100236;1415.200000000;8;9591051152;B
20240213;100236;1415.000000000;2;9591051158;S
20240213;100236;1415.000000000;1;9591051180;S
20240213;100236;1415.000000000;200;9591051181;S
20240213;100236;1415.000000000;70;9591051182;S
20240213;100236;1415.200000000;2;9591051191;B
20240213;100236;1415.200000000;1;9591051198;B
20240213;100236;1415.200000000;9;9591051199;B
20240213;100236;1415.200000000;7;9591051255;B
20240213;100236;1415.200000000;8;9591051271;B
20240213;100236;1415.200000000;7;9591051308;B
20240213;100236;1415.200000000;5;9591051355;B
20240213;100237;1415.000000000;1;9591051408;S
20240213;100238;1415.200000000;1;9591051587;B
20240213;100238;1415.000000000;1;9591051624;S
20240213;100238;1415.200000000;22;9591051643;B
20240213;100239;1415.000000000;65;9591051723;S
20240213;100239;1415.000000000;1;9591051724;S
20240213;100239;1415.000000000;10;9591051749;B
20240213;100239;1415.000000000;8;9591051794;B
20240213;100239;1414.800000000;1;9591051857;S
20240213;100239;1415.000000000;1;9591051865;B
20240213;100240;1414.800000000;2;9591051885;S
20240213;100241;1414.800000000;1;9591052069;S
20240213;100242;1415.000000000;3;9591052292;B
20240213;100242;1414.800000000;1;9591052343;S
20240213;100242;1414.800000000;1;9591052411;S
20240213;100242;1415.000000000;3;9591052421;B
20240213;100243;1414.800000000;1;9591052568;S
20240213;100243;1415.000000000;29;9591052595;B
20240213;100244;1415.000000000;8;9591052736;B
20240213;100245;1414.800000000;1;9591052773;S
20240213;100245;1415.000000000;106;9591052803;B
20240213;100246;1414.800000000;1;9591052909;S
20240213;100246;1415.000000000;12;9591052925;B
20240213;100246;1415.000000000;1;9591052940;B
20240213;100246;1415.000000000;25;9591052953;B
20240213;100246;1415.000000000;1;9591052958;B
20240213;100247;1414.800000000;1;9591053054;S
20240213;100248;1415.000000000;2;9591053119;B
20240213;100248;1415.000000000;2;9591053280;B
20240213;100248;1414.800000000;1;9591053297;S
20240213;100249;1415.000000000;61;9591053436;B
20240213;100249;1415.000000000;187;9591053437;B
20240213;100249;1414.800000000;1;9591053504;S
20240213;100250;1414.800000000;18;9591053614;S
20240213;100250;1414.800000000;90;9591053615;S
20240213;100250;1414.800000000;5;9591053616;S
20240213;100251;1414.600000000;1;9591053854;S
20240213;100251;1414.600000000;3;9591053884;S
20240213;100252;1414.600000000;4;9591053912;S
20240213;100252;1414.600000000;2;9591053913;S
20240213;100252;1414.400000000;4;9591053914;S
20240213;100252;1414.600000000;1;9591054008;S
20240213;100253;1414.800000000;3;9591054096;B
20240213;100253;1414.800000000;4;9591054097;B
20240213;100254;1414.800000000;2;9591054212;B
20240213;100255;1414.600000000;1;9591054318;S
20240213;100256;1414.800000000;1;9591054454;B
20240213;100256;1414.600000000;1;9591054467;S
20240213;100256;1414.600000000;4;9591054513;B
20240213;100257;1414.600000000;11;9591054546;B
20240213;100257;1414.600000000;2;9591054566;B
20240213;100258;1414.600000000;3;9591054681;B
20240213;100258;1414.800000000;5;9591054682;B
20240213;100259;1414.400000000;67;9591054755;S
20240213;100259;1414.800000000;200;9591054965;B
20240213;100300;1414.400000000;1;9591055439;S
20240213;100301;1414.400000000;1;9591055885;S
20240213;100302;1414.600000000;2;9591056387;B
20240213;100304;1414.600000000;40;9591057979;B
20240213;100304;1414.600000000;10;9591058085;B
20240213;100304;1414.400000000;1;9591058221;S
20240213;100304;1414.600000000;6;9591058301;B
20240213;100305;1414.400000000;8;9591058757;S
20240213;100305;1414.400000000;1;9591058758;S
20240213;100305;1414.200000000;200;9591058759;S
20240213;100305;1414.000000000;26;9591058760;S
20240213;100305;1414.000000000;376;9591058761;S
20240213;100306;1414.200000000;1;9591059010;S
20240213;100308;1414.400000000;1;9591059687;S
20240213;100308;1414.200000000;40;9591059688;S
20240213;100308;1414.000000000;175;9591059689;S
20240213;100308;1414.000000000;6;9591059690;S
20240213;100308;1414.000000000;2;9591059691;S
20240213;100308;1413.600000000;8;9591059692;S
20240213;100308;1413.600000000;15;9591059693;S
20240213;100308;1413.600000000;25;9591059694;S
20240213;100308;1413.400000000;28;9591059695;S
20240213;100309;1414.200000000;2;9591060059;B
20240213;100309;1413.600000000;21;9591060086;S
20240213;100309;1413.400000000;4;9591060087;S
20240213;100311;1414.200000000;1;9591060404;B
20240213;100311;1414.200000000;10;9591060445;B
20240213;100311;1413.400000000;30;9591060469;S
20240213;100311;1413.400000000;200;9591060470;S
20240213;100311;1413.400000000;30;9591060471;S
20240213;100311;1413.400000000;56;9591060472;S
20240213;100311;1413.400000000;25;9591060473;S
20240213;100311;1413.200000000;56;9591060474;S
20240213;100311;1413.000000000;2;9591060475;S
20240213;100311;1413.000000000;1;9591060476;S
20240213;100311;1413.000000000;54;9591060477;S
20240213;100311;1413.000000000;1;9591060478;S
20240213;100311;1413.000000000;95;9591060479;S
20240213;100315;1413.400000000;5;9591061210;B
20240213;100315;1413.400000000;2;9591061260;B
20240213;100315;1413.400000000;10;9591061290;B
20240213;100319;1413.400000000;1;9591061767;B
20240213;100319;1413.400000000;35;9591061784;B
20240213;100319;1413.400000000;3;9591061822;B
20240213;100319;1413.400000000;1;9591061863;B
20240213;100319;1413.400000000;9;9591061878;B
20240213;100319;1413.200000000;3;9591061882;S
20240213;100320;1413.400000000;2;9591061940;B
20240213;100320;1413.400000000;2;9591061977;B
20240213;100320;1413.200000000;7;9591062017;S
20240213;100320;1413.200000000;3;9591062018;S
20240213;100321;1413.400000000;1;9591062145;B
20240213;100322;1413.400000000;10;9591062241;B
20240213;100322;1413.200000000;10;9591062253;S
20240213;100323;1413.400000000;1;9591062356;B
20240213;100323;1413.400000000;1;9591062409;B
20240213;100324;1413.400000000;7;9591062442;B
20240213;100324;1413.400000000;4;9591062449;B
20240213;100324;1413.400000000;4;9591062466;B
20240213;100324;1413.400000000;34;9591062490;B
20240213;100324;1413.400000000;34;9591062504;B
20240213;100324;1413.200000000;5;9591062635;S
20240213;100324;1413.200000000;29;9591062636;S
20240213;100325;1413.400000000;5;9591062794;B
20240213;100326;1413.200000000;2;9591062992;S
20240213;100326;1413.400000000;38;9591063039;B
20240213;100326;1413.400000000;38;9591063072;B
20240213;100327;1413.400000000;4;9591063291;B
20240213;100328;1413.400000000;30;9591063324;B
20240213;100328;1413.400000000;30;9591063352;B
20240213;100328;1413.400000000;8;9591063481;B
20240213;100328;1413.400000000;8;9591063502;B
20240213;100329;1413.400000000;1;9591063547;B
20240213;100329;1413.400000000;13;9591063574;B
20240213;100329;1414.000000000;26;9591063575;B
20240213;100329;1414.000000000;6;9591063576;B
20240213;100329;1414.000000000;3;9591063577;B
20240213;100329;1414.200000000;25;9591063578;B
20240213;100329;1414.400000000;200;9591063579;B
20240213;100329;1414.400000000;1;9591063580;B
20240213;100329;1414.400000000;198;9591063581;B
20240213;100331;1414.000000000;2;9591063859;S
20240213;100333;1414.200000000;1;9591064142;B
20240213;100333;1414.000000000;1;9591064216;S
20240213;100338;1414.000000000;10;9591064945;S
20240213;100340;1414.200000000;4;9591065349;B
20240213;100340;1414.400000000;20;9591065350;B
20240213;100340;1414.400000000;25;9591065351;B
20240213;100340;1414.600000000;22;9591065352;B
20240213;100340;1414.000000000;130;9591065353;S
20240213;100341;1413.600000000;2;9591065377;S
20240213;100341;1413.800000000;7;9591065479;B
20240213;100345;1413.600000000;1;9591065884;S
20240213;100345;1413.400000000;174;9591065885;S
20240213;100346;1413.400000000;26;9591066117;S
20240213;100346;1413.400000000;35;9591066118;S
20240213;100346;1413.200000000;9;9591066119;S
20240213;100352;1413.800000000;1;9591066758;B
20240213;100353;1413.600000000;55;9591066873;S
20240213;100354;1413.600000000;2;9591066921;S
20240213;100354;1413.800000000;10;9591066983;B
20240213;100357;1413.800000000;1;9591067367;B
20240213;100358;1413.600000000;20;9591067437;S
20240213;100359;1413.800000000;1;9591067681;B
20240213;100402;1413.600000000;11;9591068177;S
20240213;100402;1413.800000000;4;9591068206;B
20240213;100403;1413.800000000;1;9591068481;B
20240213;100403;1413.800000000;50;9591068482;B
20240213;100403;1413.600000000;1;9591068543;S
20240213;100403;1413.800000000;3;9591068615;B
20240213;100404;1413.800000000;2;9591068735;B
20240213;100405;1413.800000000;1;9591068800;B
20240213;100405;1413.800000000;4;9591068812;B
20240213;100406;1413.600000000;1;9591068927;S
20240213;100406;1413.400000000;3;9591068928;S
20240213;100406;1413.400000000;1;9591068929;S
20240213;100406;1413.400000000;1;9591068930;S
20240213;100408;1413.600000000;1;9591069378;B
20240213;100408;1413.600000000;24;9591069379;B
20240213;100410;1413.200000000;4;9591069756;S
20240213;100411;1413.800000000;2;9591069800;B
20240213;100411;1413.800000000;10;9591069856;B
20240213;100413;1413.800000000;116;9591070194;B
20240213;100413;1413.800000000;40;9591070195;B
20240213;100413;1413.800000000;43;9591070196;B
20240213;100416;1413.600000000;1;9591070588;B
20240213;100416;1413.200000000;2;9591070728;S
20240213;100422;1413.800000000;1;9591071432;B
20240213;100422;1413.800000000;26;9591071442;B
20240213;100422;1413.800000000;24;9591071443;B
20240213;100422;1413.600000000;3;9591071484;S
20240213;100422;1413.800000000;2;9591071500;B
20240213;100423;1413.800000000;1;9591071567;B
20240213;100423;1413.800000000;3;9591071681;B
20240213;100423;1413.800000000;1;9591071693;B
20240213;100424;1413.800000000;5;9591071734;B
20240213;100424;1413.800000000;2;9591071770;B
20240213;100425;1413.800000000;2;9591071951;B
20240213;100430;1413.800000000;6;9591072965;B
20240213;100430;1413.600000000;2;9591073013;S
20240213;100430;1413.600000000;1;9591073014;S
20240213;100430;1413.200000000;7;9591073015;S
20240213;100431;1413.800000000;1;9591073221;B
20240213;100433;1413.800000000;1;9591073545;B
20240213;100435;1413.800000000;74;9591073909;B
20240213;100435;1413.800000000;50;9591073910;B
20240213;100435;1413.800000000;200;9591073911;B
20240213;100435;1413.800000000;25;9591073912;B
20240213;100435;1413.800000000;70;9591073913;B
20240213;100436;1414.000000000;30;9591073917;B
20240213;100437;1414.000000000;340;9591074064;B
20240213;100437;1414.000000000;150;9591074065;B
20240213;100437;1414.000000000;25;9591074066;B
20240213;100437;1414.200000000;26;9591074067;B
20240213;100437;1414.200000000;1;9591074068;B
20240213;100437;1414.200000000;3;9591074069;B
20240213;100437;1414.200000000;1;9591074070;B
20240213;100437;1414.200000000;1;9591074071;B
20240213;100437;1414.200000000;213;9591074072;B
20240213;100437;1414.400000000;100;9591074073;B
20240213;100437;1414.400000000;100;9591074074;B
20240213;100437;1414.400000000;70;9591074075;B
20240213;100437;1414.600000000;3;9591074076;B
20240213;100437;1414.600000000;141;9591074077;B
20240213;100437;1414.600000000;45;9591074078;B
20240213;100437;1414.800000000;3;9591074314;B
20240213;100439;1414.800000000;4;9591074543;B
20240213;100441;1415.000000000;2;9591074828;B
20240213;100442;1415.000000000;5;9591074945;B
20240213;100442;1415.000000000;106;9591074957;B
20240213;100442;1415.000000000;2;9591074958;B
20240213;100442;1415.000000000;392;9591074959;B
20240213;100444;1415.000000000;1;9591075332;B
20240213;100448;1414.800000000;5;9591076318;S
20240213;100448;1414.400000000;15;9591076319;S
20240213;100450;1414.400000000;213;9591076893;S
20240213;100450;1414.200000000;87;9591076894;S
20240213;100453;1414.000000000;84;9591077686;S
20240213;100453;1414.400000000;3;9591077764;B
20240213;100459;1414.000000000;37;9591078801;S
20240213;100459;1414.000000000;40;9591078802;S
20240213;100500;1414.000000000;4;9591078993;B
20240213;100501;1414.000000000;10;9591079187;B
20240213;100503;1414.000000000;1;9591079831;B
20240213;100504;1414.000000000;1;9591080027;B
20240213;100504;1414.000000000;37;9591080077;B
20240213;100504;1414.000000000;37;9591080093;B
20240213;100505;1414.000000000;1;9591080321;B
20240213;100506;1413.800000000;60;9591080660;S
20240213;100507;1414.000000000;1;9591080760;B
20240213;100507;1414.000000000;5;9591080786;B
20240213;100508;1413.800000000;9;9591080916;S
20240213;100508;1413.800000000;400;9591080917;S
20240213;100508;1413.800000000;5;9591080918;S
20240213;100508;1413.800000000;86;9591080919;S
20240213;100509;1414.000000000;2;9591081069;B
20240213;100510;1414.000000000;1;9591081200;B
20240213;100511;1414.000000000;113;9591081247;B
20240213;100511;1414.000000000;56;9591081248;B
20240213;100511;1414.000000000;53;9591081249;B
20240213;100511;1414.000000000;141;9591081250;B
20240213;100511;1414.200000000;1;9591081346;B
20240213;100512;1414.200000000;5;9591081580;B
20240213;100514;1414.200000000;1;9591081945;B
20240213;100515;1414.200000000;10;9591082017;B
20240213;100517;1414.200000000;1;9591082380;B
20240213;100517;1414.000000000;2;9591082490;S
20240213;100518;1414.000000000;10;9591082675;S
20240213;100519;1414.000000000;500;9591082926;S
20240213;100520;1414.000000000;1;9591083018;S
20240213;100520;1414.000000000;150;9591083085;S
20240213;100521;1414.000000000;974;9591083305;S
20240213;100521;1414.000000000;100;9591083306;S
20240213;100521;1414.000000000;25;9591083307;S
20240213;100521;1414.000000000;10;9591083308;S
20240213;100521;1414.000000000;69;9591083309;S
20240213;100521;1414.000000000;25;9591083310;S
20240213;100521;1414.000000000;1;9591083319;B
20240213;100521;1414.000000000;1;9591083323;B
20240213;100522;1414.000000000;1;9591083468;B
20240213;100522;1414.000000000;1;9591083538;B
20240213;100522;1414.000000000;1;9591083572;B
20240213;100522;1414.000000000;3;9591083589;B
20240213;100526;1413.800000000;2;9591084223;S
20240213;100526;1414.000000000;10;9591084256;B
20240213;100526;1413.800000000;1;9591084277;S
20240213;100526;1413.800000000;4;9591084290;S
20240213;100529;1414.000000000;10;9591084688;B
20240213;100529;1414.000000000;2;9591084698;B
20240213;100530;1414.000000000;1;9591084888;B
20240213;100530;1414.000000000;8;9591084919;B
20240213;100531;1414.000000000;23;9591085070;B
20240213;100531;1414.000000000;4;9591085131;B
20240213;100531;1414.000000000;1;9591085203;B
20240213;100532;1414.000000000;17;9591085348;B
20240213;100532;1414.000000000;7;9591085379;B
20240213;100532;1414.000000000;100;9591085410;B
20240213;100532;1414.000000000;22;9591085486;B
20240213;100532;1414.000000000;15;9591085531;B
20240213;100532;1414.000000000;92;9591085574;B
20240213;100535;1414.000000000;1;9591086206;B
20240213;100535;1413.800000000;1;9591086213;S
20240213;100536;1414.000000000;12;9591086365;B
20240213;100536;1414.000000000;37;9591086514;B
20240213;100536;1413.800000000;1;9591086667;S
20240213;100536;1413.800000000;3;9591086668;S
20240213;100536;1413.800000000;10;9591086669;S
20240213;100536;1413.800000000;57;9591086670;S
20240213;100536;1413.800000000;12;9591086671;S
20240213;100536;1413.800000000;1;9591086672;S
20240213;100536;1413.800000000;67;9591086673;B
20240213;100536;1414.000000000;10;9591086674;B
20240213;100536;1414.000000000;21;9591086675;B
20240213;100536;1414.000000000;312;9591086676;B
20240213;100536;1414.000000000;10;9591086677;B
20240213;100536;1414.000000000;100;9591086678;B
20240213;100536;1414.200000000;20;9591086695;B
20240213;100536;1414.600000000;15;9591086696;B
20240213;100536;1414.600000000;50;9591086697;B
20240213;100536;1414.600000000;56;9591086698;B
20240213;100536;1414.600000000;8;9591086699;B
20240213;100537;1414.800000000;37;9591086722;B
20240213;100537;1414.800000000;3;9591086781;B
20240213;100537;1415.000000000;29;9591086782;B
20240213;100538;1415.000000000;29;9591086907;B
20240213;100538;1415.000000000;9;9591086923;B
20240213;100538;1415.000000000;9;9591086939;B
20240213;100538;1415.000000000;2;9591087005;B
20240213;100538;1415.000000000;3;9591087065;B
20240213;100538;1414.600000000;100;9591087090;S
20240213;100538;1415.000000000;26;9591087100;B
20240213;100539;1415.000000000;24;9591087239;B
20240213;100539;1415.000000000;25;9591087328;B
20240213;100540;1415.000000000;1;9591087358;B
20240213;100540;1414.800000000;2;9591087384;S
20240213;100545;1414.800000000;10;9591088082;S
20240213;100545;1414.800000000;1;9591088115;S
20240213;100546;1415.000000000;1;9591088170;B
20240213;100546;1414.800000000;1;9591088221;S
20240213;100546;1414.800000000;28;9591088300;S
20240213;100547;1415.000000000;1;9591088314;B
20240213;100548;1414.800000000;1;9591088456;S
20240213;100548;1414.800000000;1;9591088471;S
20240213;100550;1414.800000000;50;9591088725;S
20240213;100551;1414.800000000;1;9591088811;S
20240213;100552;1414.800000000;1;9591088940;S
20240213;100552;1414.800000000;17;9591089002;S
20240213;100552;1415.000000000;4;9591089011;B
20240213;100553;1414.800000000;50;9591089054;S
20240213;100553;1415.000000000;7;9591089098;B
20240213;100555;1414.800000000;70;9591089321;S
20240213;100556;1415.000000000;50;9591089452;B
20240213;100557;1415.000000000;1;9591089566;B
20240213;100557;1414.800000000;1;9591089575;S
20240213;100558;1415.000000000;5;9591089889;B
20240213;100559;1415.000000000;1;9591089910;B
20240213;100602;1415.000000000;1;9591090344;B
20240213;100603;1415.000000000;1;9591090545;B
20240213;100603;1414.800000000;1;9591090576;S
20240213;100604;1415.000000000;13;9591090634;B
20240213;100605;1415.000000000;1;9591090805;B
20240213;100606;1415.000000000;3;9591091119;B
20240213;100606;1414.800000000;4;9591091192;S
20240213;100606;1414.800000000;3;9591091229;S
20240213;100607;1415.000000000;2;9591091255;B
20240213;100607;1415.000000000;1;9591091297;B
20240213;100608;1415.000000000;3;9591091436;B
20240213;100608;1415.000000000;1;9591091485;B
20240213;100608;1415.000000000;1;9591091542;B
20240213;100609;1415.000000000;1;9591091597;B
20240213;100609;1415.000000000;20;9591091633;B
20240213;100609;1415.000000000;30;9591091634;B
20240213;100609;1415.000000000;10;9591091697;B
20240213;100610;1415.000000000;20;9591091769;B
20240213;100610;1415.000000000;23;9591091881;B
20240213;100611;1415.000000000;80;9591091916;B
20240213;100612;1415.000000000;1;9591092088;B
20240213;100613;1415.000000000;1;9591092148;B
20240213;100614;1415.000000000;12;9591092256;B
20240213;100614;1415.000000000;1;9591092294;B
20240213;100614;1414.800000000;50;9591092313;S
20240213;100615;1415.000000000;50;9591092433;B
20240213;100616;1415.000000000;5;9591092495;B
20240213;100617;1414.800000000;32;9591092633;S
20240213;100617;1414.800000000;57;9591092634;S
20240213;100617;1414.800000000;83;9591092635;S
20240213;100617;1415.000000000;7;9591092683;B
20240213;100617;1415.000000000;13;9591092684;B
20240213;100618;1415.000000000;5;9591092707;B
20240213;100618;1415.000000000;1;9591092798;B
20240213;100619;1414.800000000;20;9591092870;S
20240213;100619;1415.000000000;84;9591092908;B
20240213;100619;1415.000000000;3;9591092909;B
20240213;100619;1415.000000000;27;9591092910;B
20240213;100620;1414.800000000;15;9591093003;S
20240213;100622;1415.000000000;23;9591093159;B
20240213;100622;1415.000000000;4;9591093160;B
20240213;100622;1415.000000000;50;9591093161;B
20240213;100622;1415.000000000;250;9591093162;B
20240213;100622;1415.000000000;10;9591093163;B
20240213;100622;1415.000000000;1;9591093164;B
20240213;100622;1415.000000000;26;9591093165;B
20240213;100622;1415.000000000;50;9591093166;B
20240213;100622;1415.000000000;10;9591093167;B
20240213;100622;1415.000000000;4;9591093168;B
20240213;100622;1415.200000000;18;9591093169;B
20240213;100622;1415.200000000;50;9591093170;B
20240213;100622;1415.200000000;1;9591093171;B
20240213;100622;1415.200000000;138;9591093172;B
20240213;100622;1415.200000000;5;9591093173;B
20240213;100622;1415.400000000;20;9591093174;B
20240213;100622;1415.400000000;50;9591093175;B
20240213;100622;1415.400000000;25;9591093176;B
20240213;100622;1415.400000000;50;9591093177;B
20240213;100622;1415.400000000;2;9591093178;B
20240213;100622;1415.400000000;1;9591093179;B
20240213;100622;1415.400000000;3;9591093180;B
20240213;100622;1415.200000000;65;9591093181;S
20240213;100622;1415.200000000;135;9591093182;S
20240213;100622;1415.200000000;78;9591093183;S
20240213;100622;1415.200000000;25;9591093250;B
20240213;100623;1415.000000000;100;9591093263;S
20240213;100623;1415.000000000;1;9591093276;S
20240213;100623;1415.200000000;4;9591093342;B
20240213;100623;1415.200000000;1;9591093348;B
20240213;100623;1415.200000000;92;9591093405;B
20240213;100623;1415.200000000;200;9591093406;B
20240213;100623;1415.200000000;200;9591093407;B
20240213;100623;1415.200000000;200;9591093408;B
20240213;100623;1415.200000000;200;9591093409;B
20240213;100623;1415.200000000;25;9591093410;B
20240213;100623;1415.400000000;7;9591093414;B
20240213;100624;1415.600000000;3;9591093438;B
20240213;100624;1415.600000000;13;9591093439;B
20240213;100624;1415.600000000;10;9591093443;B
20240213;100624;1415.600000000;1;9591093488;B
20240213;100624;1415.600000000;50;9591093490;B
20240213;100624;1415.600000000;26;9591093539;B
20240213;100624;1415.600000000;1;9591093540;B
20240213;100624;1415.600000000;8;9591093541;B
20240213;100625;1415.600000000;1;9591093575;B
20240213;100625;1415.400000000;80;9591093673;S
20240213;100625;1415.400000000;65;9591093674;S
20240213;100625;1415.200000000;83;9591093675;S
20240213;100625;1415.200000000;25;9591093676;S
20240213;100625;1415.200000000;163;9591093677;S
20240213;100625;1415.000000000;101;9591093678;S
20240213;100626;1415.600000000;2;9591093759;B
20240213;100626;1415.600000000;2;9591093760;B
20240213;100626;1415.600000000;20;9591093835;B
20240213;100626;1415.600000000;30;9591093836;B
20240213;100626;1415.400000000;245;9591093881;S
20240213;100626;1415.600000000;2;9591093888;B
20240213;100629;1415.600000000;2;9591094272;B
20240213;100631;1415.400000000;6;9591094619;S
20240213;100631;1415.600000000;3;9591094735;B
20240213;100632;1415.600000000;11;9591094772;B
20240213;100632;1415.800000000;1;9591094773;B
20240213;100632;1415.800000000;1;9591094774;B
20240213;100632;1415.800000000;1;9591094775;B
20240213;100632;1415.800000000;1;9591094776;B
20240213;100632;1415.800000000;1;9591094777;B
20240213;100632;1415.800000000;1;9591094778;B
20240213;100632;1415.800000000;5;9591094779;B
20240213;100632;1415.800000000;3;9591094780;B
20240213;100632;1415.800000000;5;9591094781;B
20240213;100632;1415.800000000;3;9591094782;B
20240213;100632;1415.800000000;3;9591094783;B
20240213;100632;1415.800000000;65;9591094784;B
20240213;100632;1416.000000000;1;9591094785;B
20240213;100632;1416.000000000;1;9591094786;B
20240213;100632;1416.000000000;3;9591094787;B
20240213;100632;1416.000000000;3;9591094788;B
20240213;100632;1416.000000000;1;9591094789;B
20240213;100632;1416.000000000;15;9591094790;B
20240213;100632;1416.000000000;3;9591094791;B
20240213;100632;1416.000000000;1;9591094792;B
20240213;100632;1416.000000000;1;9591094793;B
20240213;100632;1416.000000000;151;9591094794;B
20240213;100632;1415.800000000;1;9591094852;S
20240213;100633;1416.200000000;3;9591094931;B
20240213;100633;1416.200000000;1;9591095001;B
20240213;100635;1416.000000000;3;9591095167;S
20240213;100635;1416.000000000;1;9591095168;S
20240213;100635;1416.000000000;65;9591095169;S
20240213;100635;1415.800000000;2;9591095170;S
20240213;100635;1415.800000000;164;9591095171;S
20240213;100635;1416.200000000;1;9591095193;B
20240213;100636;1416.200000000;3;9591095354;B
20240213;100636;1416.000000000;1;9591095445;S
20240213;100639;1416.000000000;2;9591095886;S
20240213;100640;1415.800000000;3;9591096052;S
20240213;100641;1415.800000000;8;9591096264;S
20240213;100642;1416.000000000;51;9591096342;B
20240213;100642;1416.200000000;29;9591096343;B
20240213;100644;1416.000000000;2;9591096552;B
20240213;100644;1416.000000000;3;9591096582;B
20240213;100645;1415.600000000;111;9591096779;S
20240213;100645;1415.600000000;111;9591096780;S
20240213;100645;1415.600000000;1;9591096781;S
20240213;100645;1415.600000000;3;9591096782;S
20240213;100645;1415.400000000;25;9591096783;S
20240213;100645;1415.400000000;157;9591096784;S
20240213;100645;1415.200000000;56;9591096785;S
20240213;100645;1415.200000000;111;9591096786;S
20240213;100645;1415.200000000;26;9591096787;S
20240213;100645;1415.000000000;56;9591096788;S
20240213;100645;1415.000000000;261;9591096789;S
20240213;100646;1415.600000000;19;9591097021;B
20240213;100651;1415.000000000;210;9591097511;S
20240213;100653;1415.400000000;10;9591097767;B
20240213;100656;1415.400000000;9;9591098210;B
20240213;100657;1415.000000000;129;9591098282;S
20240213;100657;1415.000000000;14;9591098283;S
20240213;100657;1415.000000000;15;9591098284;S
20240213;100658;1415.400000000;194;9591098391;B
20240213;100658;1415.600000000;6;9591098392;B
20240213;100700;1415.400000000;1;9591098605;B
20240213;100701;1415.400000000;2;9591098730;B
20240213;100702;1415.400000000;1;9591098869;B
20240213;100702;1415.400000000;35;9591098886;B
20240213;100702;1415.400000000;174;9591098908;B
20240213;100702;1415.400000000;36;9591098909;B
20240213;100702;1415.400000000;11;9591098910;B
20240213;100703;1415.400000000;10;9591098921;B
20240213;100703;1415.200000000;10;9591098966;S
20240213;100703;1415.200000000;2;9591098967;S
20240213;100704;1415.200000000;1;9591099025;B
20240213;100704;1415.400000000;192;9591099026;B
20240213;100704;1415.600000000;7;9591099027;B
20240213;100704;1415.600000000;100;9591099099;B
20240213;100705;1415.200000000;151;9591099187;S
20240213;100705;1415.000000000;146;9591099188;S
20240213;100706;1415.600000000;3;9591099269;B
20240213;100707;1415.600000000;4;9591099321;B
20240213;100710;1415.600000000;4;9591099670;B
20240213;100710;1415.600000000;1;9591099714;B
20240213;100714;1415.600000000;5;9591100113;B
20240213;100714;1415.600000000;2;9591100164;B
20240213;100716;1415.200000000;430;9591100439;S
20240213;100716;1415.200000000;213;9591100440;S
20240213;100716;1415.200000000;25;9591100441;S
20240213;100717;1415.400000000;50;9591100480;B
20240213;100718;1415.600000000;1;9591100695;B
20240213;100725;1415.600000000;92;9591101447;B
20240213;100725;1415.600000000;8;9591101448;B
20240213;100725;1415.200000000;8;9591101457;S
20240213;100725;1415.000000000;201;9591101458;S
20240213;100727;1415.200000000;226;9591101609;S
20240213;100727;1415.200000000;213;9591101610;S
20240213;100727;1415.200000000;25;9591101611;S
20240213;100727;1415.000000000;675;9591101612;S
20240213;100727;1415.000000000;2;9591101613;S
20240213;100727;1415.000000000;31;9591101614;S
20240213;100727;1415.000000000;80;9591101615;S
20240213;100727;1415.000000000;70;9591101616;S
20240213;100727;1415.000000000;15;9591101617;S
20240213;100727;1415.000000000;2;9591101618;S
20240213;100727;1415.000000000;1;9591101619;S
20240213;100727;1414.800000000;45;9591101620;S
20240213;100727;1414.800000000;8;9591101621;S
20240213;100727;1414.800000000;180;9591101622;S
20240213;100727;1414.800000000;156;9591101623;S
20240213;100727;1414.800000000;271;9591101624;S
20240213;100728;1415.400000000;64;9591101826;B
20240213;100728;1415.400000000;25;9591101827;B
20240213;100728;1415.600000000;200;9591101828;B
20240213;100728;1415.600000000;111;9591101829;B
20240213;100729;1415.600000000;7;9591101885;B
20240213;100729;1415.600000000;1;9591101901;B
20240213;100729;1415.600000000;5;9591101928;B
20240213;100730;1415.400000000;3;9591102041;S
20240213;100730;1415.400000000;4;9591102042;S
20240213;100731;1415.600000000;5;9591102108;B
20240213;100732;1415.400000000;1;9591102211;S
20240213;100732;1415.600000000;1;9591102216;B
20240213;100733;1415.400000000;1;9591102288;S
20240213;100733;1415.600000000;10;9591102295;B
20240213;100733;1415.600000000;53;9591102312;B
20240213;100733;1415.600000000;25;9591102313;B
20240213;100733;1415.800000000;26;9591102314;B
20240213;100733;1415.800000000;279;9591102315;B
20240213;100733;1415.800000000;2;9591102316;B
20240213;100733;1415.800000000;130;9591102317;B
20240213;100733;1416.000000000;30;9591102318;B
20240213;100733;1416.000000000;16;9591102319;B
20240213;100733;1416.000000000;10;9591102320;B
20240213;100733;1416.000000000;70;9591102321;B
20240213;100733;1416.000000000;1;9591102322;B
20240213;100733;1416.000000000;97;9591102323;B
20240213;100733;1415.800000000;1;9591102347;B
20240213;100734;1416.000000000;7;9591102409;B
20240213;100734;1415.400000000;10;9591102468;S
20240213;100735;1416.000000000;115;9591102569;B
20240213;100735;1416.000000000;1;9591102580;B
20240213;100736;1415.600000000;1;9591102584;S
20240213;100736;1416.000000000;138;9591102648;B
20240213;100737;1416.000000000;26;9591102702;B
20240213;100738;1415.800000000;50;9591102814;S
20240213;100738;1415.800000000;1;9591102840;S
20240213;100738;1416.000000000;2;9591102908;B
20240213;100738;1415.800000000;3;9591102918;S
20240213;100739;1416.000000000;15;9591102930;B
20240213;100739;1415.800000000;14;9591102969;S
20240213;100739;1415.800000000;158;9591102970;S
20240213;100739;1415.800000000;41;9591102971;S
20240213;100740;1416.000000000;1;9591103109;B
20240213;100741;1416.000000000;2;9591103224;B
20240213;100741;1415.800000000;34;9591103225;S
20240213;100741;1415.800000000;157;9591103226;S
20240213;100741;1415.600000000;99;9591103227;S
20240213;100741;1415.600000000;5;9591103287;S
20240213;100741;1415.600000000;8;9591103288;S
20240213;100741;1415.400000000;2;9591103289;S
20240213;100742;1415.800000000;25;9591103358;B
20240213;100742;1416.000000000;37;9591103359;B
20240213;100744;1415.800000000;5;9591103566;B
20240213;100745;1415.400000000;49;9591103751;S
20240213;100745;1415.200000000;2;9591103752;S
20240213;100745;1415.000000000;2;9591103753;S
20240213;100745;1415.000000000;26;9591103754;S
20240213;100745;1415.000000000;56;9591103755;S
20240213;100745;1415.000000000;141;9591103756;S
20240213;100745;1415.000000000;3;9591103757;S
20240213;100745;1415.000000000;2;9591103758;S
20240213;100745;1415.000000000;66;9591103759;S
20240213;100745;1415.600000000;3;9591103763;B
20240213;100746;1415.400000000;1;9591103875;B
20240213;100749;1415.000000000;2;9591104183;B
20240213;100750;1415.000000000;5;9591104408;B
20240213;100751;1415.000000000;10;9591104496;B
20240213;100751;1415.000000000;12;9591104512;B
20240213;100752;1415.000000000;10;9591104519;B
20240213;100753;1415.000000000;3;9591104696;B
20240213;100753;1414.800000000;3;9591104729;S
20240213;100756;1415.000000000;1;9591105120;B
20240213;100756;1414.800000000;29;9591105232;S
20240213;100756;1415.000000000;1;9591105265;B
20240213;100758;1414.800000000;5;9591105539;S
20240213;100759;1415.000000000;1;9591105578;B
20240213;100800;1415.000000000;1;9591105762;B
20240213;100800;1415.000000000;15;9591105801;B
20240213;100800;1415.000000000;94;9591105810;B
20240213;100801;1415.000000000;50;9591105889;B
20240213;100801;1415.200000000;1;9591105894;B
20240213;100802;1415.200000000;4;9591105947;B
20240213;100805;1415.000000000;10;9591106301;S
20240213;100805;1415.000000000;1;9591106302;S
20240213;100805;1415.000000000;47;9591106303;S
20240213;100805;1415.000000000;3;9591106367;S
20240213;100807;1414.800000000;3;9591106549;S
20240213;100808;1415.000000000;20;9591106682;B
20240213;100808;1415.200000000;3;9591106723;B
20240213;100810;1415.200000000;1;9591106904;B
20240213;100810;1415.000000000;7;9591107026;S
20240213;100810;1415.000000000;1;9591107027;S
20240213;100810;1414.800000000;2;9591107028;S
20240213;100811;1415.000000000;9;9591107075;S
20240213;100812;1415.200000000;1;9591107214;B
20240213;100812;1415.000000000;16;9591107275;S
20240213;100812;1415.000000000;141;9591107276;S
20240213;100812;1415.000000000;1;9591107277;S
20240213;100812;1414.800000000;28;9591107278;S
20240213;100812;1414.800000000;25;9591107279;S
20240213;100812;1414.800000000;4;9591107280;S
20240213;100812;1414.800000000;1;9591107281;S
20240213;100813;1414.800000000;50;9591107407;B
20240213;100813;1414.800000000;5;9591107435;B
20240213;100813;1414.800000000;8;9591107450;B
20240213;100813;1414.800000000;30;9591107486;B
20240213;100813;1414.800000000;1;9591107581;B
20240213;100813;1414.800000000;100;9591107594;B
20240213;100814;1414.800000000;38;9591107628;B
20240213;100814;1414.800000000;1;9591107806;B
20240213;100814;1414.600000000;6;9591107825;S
20240213;100814;1414.600000000;4;9591107826;S
20240213;100815;1414.800000000;10;9591107936;B
20240213;100815;1414.800000000;2;9591107973;B
20240213;100815;1414.800000000;2;9591108011;B
20240213;100817;1414.800000000;4;9591108266;B
20240213;100818;1414.800000000;1;9591108327;B
20240213;100819;1414.800000000;1;9591108424;B
20240213;100819;1414.800000000;1;9591108510;B
20240213;100819;1414.800000000;2;9591108558;B
20240213;100820;1414.800000000;1;9591108694;B
20240213;100820;1414.600000000;137;9591108708;S
20240213;100820;1414.600000000;56;9591108709;S
20240213;100820;1414.600000000;100;9591108710;S
20240213;100820;1414.800000000;27;9591108719;B
20240213;100820;1414.800000000;23;9591108720;B
20240213;100821;1414.600000000;24;9591108784;S
20240213;100821;1414.800000000;1;9591108899;B
20240213;100821;1414.800000000;2;9591108906;B
20240213;100821;1414.800000000;9;9591108931;B
20240213;100821;1414.800000000;1;9591108932;B
20240213;100823;1414.800000000;24;9591109112;B
20240213;100823;1414.800000000;18;9591109113;B
20240213;100823;1414.800000000;2;9591109117;B
20240213;100823;1415.000000000;50;9591109118;B
20240213;100823;1415.000000000;2;9591109119;B
20240213;100823;1415.000000000;25;9591109120;B
20240213;100823;1415.200000000;1;9591109121;B
20240213;100824;1415.000000000;4;9591109177;B
20240213;100825;1415.000000000;5;9591109313;B
20240213;100826;1415.000000000;3;9591109444;B
20240213;100826;1415.000000000;15;9591109489;B
20240213;100827;1414.600000000;5;9591109595;S
20240213;100831;1414.800000000;100;9591110044;B
20240213;100831;1414.600000000;136;9591110108;S
20240213;100831;1414.600000000;25;9591110109;S
20240213;100832;1414.600000000;38;9591110159;B
20240213;100832;1414.600000000;100;9591110259;B
20240213;100833;1414.600000000;1;9591110413;B
20240213;100834;1414.600000000;30;9591110514;B
20240213;100836;1414.400000000;1;9591110820;S
20240213;100837;1414.400000000;38;9591111170;B
20240213;100837;1414.200000000;5;9591111178;S
20240213;100837;1414.200000000;67;9591111179;S
20240213;100837;1414.000000000;2;9591111180;S
20240213;100837;1414.000000000;2;9591111181;S
20240213;100837;1414.000000000;20;9591111182;S
20240213;100837;1414.000000000;1;9591111183;S
20240213;100837;1414.000000000;1;9591111184;S
20240213;100837;1414.000000000;56;9591111185;S
20240213;100837;1414.000000000;50;9591111186;S
20240213;100837;1414.000000000;141;9591111187;S
20240213;100837;1413.800000000;2;9591111188;S
20240213;100837;1413.800000000;7;9591111189;S
20240213;100837;1413.800000000;25;9591111190;S
20240213;100837;1413.800000000;56;9591111191;S
20240213;100837;1413.800000000;70;9591111192;S
20240213;100837;1413.800000000;22;9591111193;S
20240213;100837;1413.600000000;25;9591111194;S
20240213;100837;1413.600000000;26;9591111195;S
20240213;100837;1413.600000000;27;9591111196;S
20240213;100838;1414.400000000;50;9591111251;B
20240213;100838;1414.400000000;1;9591111279;B
20240213;100840;1414.400000000;2;9591111406;B
20240213;100841;1414.400000000;23;9591111517;B
20240213;100841;1413.800000000;200;9591111594;S
20240213;100846;1414.000000000;141;9591112234;S
20240213;100846;1414.000000000;57;9591112235;S
20240213;100846;1413.600000000;29;9591112236;S
20240213;100846;1413.600000000;25;9591112237;S
20240213;100846;1413.400000000;5;9591112238;S
20240213;100846;1413.400000000;4;9591112239;S
20240213;100846;1413.400000000;17;9591112240;S
20240213;100846;1413.400000000;56;9591112241;S
20240213;100846;1413.400000000;70;9591112242;S
20240213;100846;1413.200000000;17;9591112243;S
20240213;100846;1413.200000000;7;9591112244;S
20240213;100846;1413.200000000;30;9591112245;S
20240213;100846;1413.200000000;1;9591112246;S
20240213;100846;1413.200000000;200;9591112247;S
20240213;100846;1413.200000000;41;9591112248;S
20240213;100847;1413.600000000;4;9591112335;B
20240213;100847;1413.600000000;6;9591112336;B
20240213;100847;1414.000000000;26;9591112337;B
20240213;100847;1414.000000000;57;9591112338;B
20240213;100847;1414.200000000;213;9591112339;B
20240213;100847;1414.200000000;25;9591112340;B
20240213;100847;1414.400000000;70;9591112341;B
20240213;100847;1414.400000000;5;9591112342;B
20240213;100847;1413.600000000;5;9591112369;S
20240213;100850;1414.000000000;5;9591112635;B
20240213;100850;1414.000000000;3;9591112662;B
20240213;100850;1414.200000000;32;9591112663;B
20240213;100850;1413.800000000;1;9591112668;B
20240213;100851;1413.800000000;1;9591112869;B
20240213;100852;1413.600000000;1;9591112892;B
20240213;100852;1413.600000000;4;9591112928;B
20240213;100853;1413.600000000;1;9591113046;B
20240213;100854;1413.600000000;36;9591113170;B
20240213;100854;1413.400000000;5;9591113205;S
20240213;100855;1413.600000000;176;9591113316;B
20240213;100858;1413.400000000;1;9591113770;S
20240213;100900;1413.600000000;1;9591114035;B
20240213;100900;1413.600000000;1;9591114081;B
20240213;100903;1413.600000000;1;9591114348;B
20240213;100903;1413.600000000;23;9591114425;B
20240213;100903;1413.800000000;3;9591114426;B
20240213;100903;1413.800000000;1;9591114427;B
20240213;100903;1414.000000000;56;9591114428;B
20240213;100903;1414.200000000;200;9591114429;B
20240213;100903;1414.200000000;25;9591114430;B
20240213;100903;1414.200000000;1;9591114431;B
20240213;100903;1414.400000000;23;9591114432;B
20240213;100903;1414.600000000;13;9591114433;B
20240213;100910;1414.600000000;1;9591115161;B
20240213;100913;1414.600000000;1;9591115578;B
20240213;100916;1414.600000000;4;9591115815;B
20240213;100916;1414.600000000;6;9591115842;B
20240213;100917;1414.600000000;66;9591115879;B
20240213;100917;1414.600000000;1;9591115901;B
20240213;100918;1414.600000000;7;9591115983;B
20240213;100921;1414.400000000;1;9591116385;B
20240213;100921;1413.800000000;1;9591116443;S
20240213;100921;1413.800000000;1;9591116444;S
20240213;100922;1414.600000000;71;9591116606;B
20240213;100922;1414.600000000;1;9591116607;B
20240213;100922;1414.600000000;25;9591116608;B
20240213;100922;1414.600000000;40;9591116609;B
20240213;100922;1414.800000000;1;9591116610;B
20240213;100922;1414.800000000;72;9591116611;B
20240213;100923;1414.600000000;25;9591116702;B
20240213;100923;1414.600000000;49;9591116703;B
20240213;100925;1414.600000000;7;9591116895;B
20240213;100926;1414.600000000;9;9591116968;B
20240213;100926;1414.600000000;10;9591116969;B
20240213;100926;1413.800000000;1;9591116974;S
20240213;100926;1414.600000000;4;9591116991;B
20240213;100930;1414.600000000;2;9591117505;B
20240213;100930;1414.600000000;18;9591117506;B
20240213;100932;1414.800000000;7;9591117629;B
20240213;100935;1414.800000000;2;9591118037;B
20240213;100935;1414.800000000;5;9591118060;B
20240213;100936;1414.800000000;1;9591118191;B
20240213;100937;1414.800000000;1;9591118254;B
20240213;100937;1414.600000000;29;9591118271;S
20240213;100939;1414.600000000;50;9591118479;B
20240213;100940;1414.600000000;2;9591118640;B
20240213;100943;1414.600000000;37;9591118887;B
20240213;100944;1414.600000000;1;9591118924;B
20240213;100949;1414.600000000;2;9591119881;B
20240213;100950;1414.600000000;1;9591119897;B
20240213;100950;1414.600000000;1;9591119942;B
20240213;100951;1414.600000000;1;9591120037;B
20240213;100956;1414.200000000;1;9591120777;S
20240213;100956;1414.600000000;1;9591120787;B
20240213;100956;1414.200000000;5;9591120828;S
20240213;100959;1414.200000000;207;9591121268;S
20240213;100959;1414.200000000;6;9591121269;S
20240213;101000;1414.600000000;2;9591121456;B
20240213;101000;1414.600000000;70;9591121484;B
20240213;101001;1414.600000000;2;9591121656;B
20240213;101001;1414.600000000;1;9591121723;B
20240213;101002;1414.600000000;1;9591121771;B
20240213;101003;1414.600000000;76;9591121945;B
20240213;101003;1414.600000000;3;9591121950;B
20240213;101004;1414.600000000;9;9591122018;B
20240213;101008;1414.600000000;1;9591122634;B
20240213;101008;1414.600000000;5;9591122635;B
20240213;101008;1414.800000000;8;9591122636;B
20240213;101009;1414.600000000;4;9591122761;B
20240213;101010;1414.200000000;213;9591122878;S
20240213;101010;1414.200000000;5;9591122879;S
20240213;101010;1414.200000000;1;9591122880;S
20240213;101010;1414.200000000;1;9591122881;S
20240213;101010;1414.200000000;1;9591122882;S
20240213;101010;1414.200000000;1;9591122883;S
20240213;101010;1414.200000000;1;9591122884;S
20240213;101010;1414.200000000;1;9591122885;S
20240213;101010;1414.200000000;21;9591122886;S
20240213;101010;1414.600000000;1;9591122898;B
20240213;101011;1414.600000000;2;9591122903;B
20240213;101015;1414.600000000;2;9591123471;B
20240213;101019;1414.600000000;3;9591124101;B
20240213;101021;1414.600000000;1;9591124211;B
20240213;101023;1414.600000000;71;9591124553;B
20240213;101023;1414.600000000;100;9591124598;B
20240213;101024;1414.600000000;1;9591124667;B
20240213;101024;1414.600000000;3;9591124695;B
20240213;101025;1414.600000000;50;9591124865;B
20240213;101026;1414.600000000;210;9591124917;B
20240213;101028;1414.600000000;1;9591125200;B
20240213;101029;1414.600000000;1;9591125291;B
20240213;101031;1414.600000000;1;9591125526;B
20240213;101032;1414.600000000;3;9591125626;B
20240213;101032;1414.600000000;3;9591125765;B
20240213;101032;1414.600000000;69;9591125768;B
20240213;101032;1414.600000000;35;9591125769;B
20240213;101032;1414.600000000;3;9591125770;B
20240213;101032;1414.600000000;27;9591125771;B
20240213;101034;1414.600000000;5;9591125981;B
20240213;101034;1414.600000000;12;9591126012;B
20240213;101034;1414.600000000;1;9591126059;B
20240213;101035;1414.600000000;1;9591126176;B
20240213;101038;1414.600000000;1;9591126553;B
20240213;101041;1414.400000000;50;9591126997;S
20240213;101041;1414.200000000;213;9591126998;S
20240213;101041;1414.200000000;1;9591126999;S
20240213;101041;1414.000000000;100;9591127000;S
20240213;101041;1414.000000000;26;9591127001;S
20240213;101041;1414.000000000;1;9591127002;S
20240213;101041;1414.000000000;100;9591127003;S
20240213;101041;1414.000000000;1;9591127004;S
20240213;101041;1414.000000000;4;9591127005;S
20240213;101041;1414.000000000;1;9591127006;S
20240213;101041;1414.000000000;3;9591127007;S
20240213;101042;1414.600000000;1;9591127167;B
20240213;101043;1414.600000000;2;9591127290;B
20240213;101043;1414.800000000;25;9591127291;B
20240213;101043;1414.800000000;76;9591127292;B
20240213;101043;1414.800000000;55;9591127293;B
20240213;101043;1415.000000000;99;9591127294;B
20240213;101047;1414.800000000;1;9591127802;B
20240213;101049;1414.600000000;5;9591128147;S
20240213;101050;1414.800000000;1;9591128290;B
20240213;101051;1414.800000000;3;9591128319;B
20240213;101051;1414.800000000;1;9591128362;B
20240213;101052;1414.600000000;15;9591128534;S
20240213;101053;1414.600000000;6;9591128677;S
20240213;101053;1414.600000000;1;9591128678;S
20240213;101053;1414.800000000;1;9591128698;B
20240213;101054;1414.800000000;18;9591128736;B
20240213;101054;1414.800000000;76;9591128737;B
20240213;101054;1414.800000000;56;9591128738;B
20240213;101054;1415.000000000;50;9591128739;B
20240213;101054;1414.800000000;1;9591128793;B
20240213;101055;1414.800000000;1;9591128841;B
20240213;101055;1414.800000000;2;9591128969;B
20240213;101056;1414.800000000;4;9591129007;B
20240213;101056;1414.600000000;8;9591129098;S
20240213;101056;1414.600000000;5;9591129099;S
20240213;101059;1414.400000000;1;9591129298;S
20240213;101059;1414.600000000;2;9591129423;B
20240213;101059;1415.000000000;8;9591129424;B
20240213;101100;1414.800000000;4;9591129470;S
20240213;101101;1414.800000000;70;9591129556;S
20240213;101102;1415.000000000;1;9591129624;B
20240213;101102;1415.000000000;1;9591129628;B
20240213;101103;1415.000000000;168;9591129758;B
20240213;101103;1415.000000000;127;9591129782;B
20240213;101105;1415.000000000;6;9591130026;B
20240213;101105;1415.000000000;1;9591130037;B
20240213;101108;1415.000000000;1;9591130329;B
20240213;101110;1415.000000000;5;9591130652;B
20240213;101110;1415.000000000;5;9591130665;B
20240213;101111;1415.000000000;119;9591130720;B
20240213;101113;1414.800000000;3;9591130945;S
20240213;101113;1415.000000000;7;9591130983;B
20240213;101114;1415.000000000;1;9591131092;B
20240213;101116;1415.000000000;1;9591131297;B
20240213;101116;1415.000000000;5;9591131317;B
20240213;101119;1414.800000000;136;9591131622;S
20240213;101119;1414.800000000;84;9591131623;S
20240213;101119;1414.800000000;5;9591131624;S
20240213;101119;1414.800000000;8;9591131625;S
20240213;101120;1414.800000000;8;9591131739;B
20240213;101121;1414.800000000;1;9591131833;B
20240213;101123;1414.800000000;99;9591132095;B
20240213;101124;1414.800000000;1;9591132186;B
20240213;101124;1414.600000000;10;9591132198;S
20240213;101124;1414.800000000;70;9591132200;B
20240213;101124;1414.800000000;2;9591132219;B
20240213;101125;1414.800000000;3;9591132307;B
20240213;101125;1414.800000000;1;9591132322;B
20240213;101126;1414.600000000;1;9591132586;S
20240213;101126;1414.600000000;2;9591132587;S
20240213;101127;1414.600000000;18;9591132680;S
20240213;101127;1414.600000000;2;9591132681;S
20240213;101127;1414.800000000;6;9591132712;B
20240213;101128;1414.800000000;1;9591132879;B
20240213;101128;1414.600000000;52;9591132894;S
20240213;101128;1414.600000000;7;9591132895;S
20240213;101128;1414.600000000;18;9591132896;S
20240213;101128;1414.600000000;9;9591132897;S
20240213;101128;1414.400000000;4;9591132898;S
20240213;101128;1414.400000000;10;9591132899;S
20240213;101129;1414.800000000;10;9591132962;B
20240213;101130;1414.600000000;2;9591133048;S
20240213;101130;1414.800000000;1;9591133160;B
20240213;101131;1414.800000000;10;9591133280;B
20240213;101131;1414.600000000;100;9591133395;S
20240213;101131;1414.600000000;100;9591133407;S
20240213;101131;1414.600000000;9;9591133409;S
20240213;101132;1414.400000000;91;9591133427;S
20240213;101133;1414.800000000;3;9591133640;B
20240213;101135;1414.800000000;20;9591134024;B
20240213;101140;1414.800000000;2;9591134586;B
20240213;101140;1414.800000000;11;9591134587;B
20240213;101141;1414.800000000;2;9591134634;B
20240213;101143;1414.800000000;16;9591134904;B
20240213;101143;1414.800000000;10;9591134905;B
20240213;101143;1414.800000000;2;9591134906;B
20240213;101143;1414.800000000;1;9591134907;B
20240213;101143;1415.000000000;48;9591134916;B
20240213;101143;1415.000000000;10;9591134917;B
20240213;101143;1415.000000000;2;9591134918;B
20240213;101143;1415.000000000;85;9591134919;B
20240213;101146;1414.800000000;20;9591135273;S
20240213;101146;1415.000000000;1;9591135275;B
20240213;101149;1415.000000000;2;9591135575;B
20240213;101149;1415.000000000;12;9591135589;B
20240213;101149;1415.000000000;3;9591135590;B
20240213;101149;1415.000000000;15;9591135591;B
20240213;101153;1414.800000000;20;9591136084;S
20240213;101153;1414.800000000;39;9591136085;S
20240213;101153;1414.800000000;2;9591136086;S
20240213;101153;1414.800000000;25;9591136087;S
20240213;101153;1414.800000000;14;9591136088;S
20240213;101153;1414.800000000;31;9591136089;S
20240213;101153;1414.800000000;2;9591136123;B
20240213;101154;1414.600000000;50;9591136170;B
20240213;101154;1414.600000000;11;9591136179;B
20240213;101154;1414.600000000;1;9591136213;B
20240213;101156;1414.400000000;1;9591136502;S
20240213;101201;1414.400000000;20;9591137035;S
20240213;101202;1414.600000000;30;9591137123;B
20240213;101203;1414.600000000;69;9591137264;B
20240213;101203;1414.800000000;13;9591137265;B
20240213;101204;1414.400000000;500;9591137340;S
20240213;101206;1414.600000000;4;9591137604;B
20240213;101206;1414.600000000;50;9591137686;B
20240213;101207;1414.600000000;2;9591137861;B
20240213;101208;1414.400000000;20;9591137951;S
20240213;101208;1414.400000000;5;9591137982;S
20240213;101208;1414.600000000;15;9591138015;B
20240213;101209;1414.600000000;1;9591138048;B
20240213;101209;1414.600000000;1;9591138099;B
20240213;101209;1414.600000000;1;9591138115;B
20240213;101209;1414.600000000;1;9591138136;B
20240213;101211;1414.600000000;1;9591138381;B
20240213;101212;1414.400000000;100;9591138603;S
20240213;101213;1414.600000000;1;9591138646;B
20240213;101213;1414.600000000;45;9591138758;B
20240213;101216;1414.600000000;22;9591139064;B
20240213;101217;1414.600000000;20;9591139313;B
20240213;101218;1414.600000000;200;9591139431;B
20240213;101219;1414.600000000;1;9591139564;B
20240213;101219;1414.400000000;4;9591139567;S
20240213;101221;1414.600000000;1;9591139787;B
20240213;101221;1414.600000000;100;9591139837;B
20240213;101223;1414.600000000;2;9591140104;B
20240213;101223;1414.600000000;54;9591140105;B
20240213;101223;1414.600000000;61;9591140106;B
20240213;101223;1414.600000000;100;9591140107;B
20240213;101223;1414.800000000;54;9591140108;B
20240213;101223;1414.800000000;5;9591140109;B
20240213;101225;1414.600000000;80;9591140369;B
20240213;101229;1414.600000000;1;9591140829;B
20240213;101229;1414.400000000;2000;9591140834;S
20240213;101229;1414.400000000;11;9591140835;S
20240213;101229;1414.400000000;60;9591140836;S
20240213;101229;1414.400000000;2;9591140837;S
20240213;101229;1414.400000000;50;9591140838;S
20240213;101229;1414.400000000;44;9591140839;S
20240213;101229;1414.400000000;2;9591140840;S
20240213;101229;1414.400000000;2;9591140841;S
20240213;101229;1414.400000000;1;9591140842;S
20240213;101229;1414.400000000;5;9591140843;S
20240213;101229;1414.400000000;1;9591140844;S
20240213;101229;1414.400000000;20;9591140845;S
20240213;101229;1414.400000000;21;9591140846;S
20240213;101229;1414.400000000;16;9591140847;S
20240213;101230;1414.600000000;5;9591140938;B
20240213;101231;1414.600000000;1;9591141043;B
20240213;101234;1414.400000000;3;9591141475;S
20240213;101234;1414.400000000;1;9591141497;S
20240213;101235;1414.600000000;3;9591141501;B
20240213;101235;1414.600000000;1;9591141555;B
20240213;101235;1414.600000000;1;9591141609;B
20240213;101236;1414.400000000;40;9591141683;S
20240213;101236;1414.400000000;4;9591141684;S
20240213;101236;1414.600000000;1;9591141721;B
20240213;101237;1414.400000000;4;9591141783;S
20240213;101237;1414.400000000;2;9591141784;S
20240213;101237;1414.200000000;2;9591141785;S
20240213;101237;1414.200000000;2;9591141786;S
20240213;101240;1414.400000000;3;9591142099;B
20240213;101241;1414.400000000;1;9591142231;B
20240213;101242;1414.400000000;15;9591142317;B
20240213;101242;1414.400000000;1;9591142409;B
20240213;101243;1414.400000000;10;9591142517;B
20240213;101243;1414.400000000;111;9591142549;B
20240213;101243;1414.400000000;68;9591142550;B
20240213;101243;1414.400000000;25;9591142551;B
20240213;101243;1414.400000000;202;9591142552;B
20240213;101243;1414.400000000;181;9591142553;B
20240213;101243;1414.600000000;17;9591142554;B
20240213;101244;1414.200000000;1;9591142591;S
20240213;101244;1414.200000000;20;9591142592;S
20240213;101244;1414.200000000;1;9591142593;S
20240213;101244;1414.200000000;10;9591142594;S
20240213;101244;1414.200000000;1;9591142595;S
20240213;101244;1414.400000000;1;9591142596;B
20240213;101245;1414.400000000;2;9591142770;B
20240213;101245;1414.400000000;4;9591142808;B
20240213;101247;1414.400000000;32;9591142993;B
20240213;101252;1414.000000000;99;9591143408;S
20240213;101252;1414.000000000;1;9591143409;S
20240213;101252;1414.000000000;2;9591143410;S
20240213;101252;1414.000000000;1;9591143411;S
20240213;101252;1414.000000000;10;9591143412;S
20240213;101252;1414.000000000;8;9591143413;S
20240213;101252;1414.000000000;15;9591143414;S
20240213;101252;1414.000000000;20;9591143415;S
20240213;101252;1414.000000000;1;9591143416;S
20240213;101252;1414.000000000;5;9591143417;S
20240213;101252;1414.000000000;1;9591143418;S
20240213;101252;1414.000000000;2;9591143419;S
20240213;101252;1414.000000000;2;9591143420;S
20240213;101252;1413.800000000;1;9591143421;S
20240213;101252;1413.800000000;1;9591143422;S
20240213;101252;1413.800000000;4;9591143423;B
20240213;101253;1413.600000000;56;9591143480;S
20240213;101253;1413.600000000;1;9591143579;B
20240213;101254;1413.400000000;10;9591143580;S
20240213;101254;1413.400000000;27;9591143581;S
20240213;101254;1413.400000000;29;9591143582;S
20240213;101254;1413.400000000;67;9591143583;S
20240213;101255;1413.200000000;4;9591143680;S
20240213;101255;1413.200000000;52;9591143681;S
20240213;101255;1413.200000000;25;9591143682;S
20240213;101255;1413.200000000;18;9591143683;S
20240213;101257;1413.600000000;1;9591143880;B
20240213;101258;1413.200000000;10;9591143994;S
20240213;101258;1413.600000000;4;9591144021;B
20240213;101300;1413.600000000;3;9591144234;B
20240213;101300;1413.600000000;66;9591144235;B
20240213;101300;1413.800000000;213;9591144236;B
20240213;101300;1414.000000000;70;9591144237;B
20240213;101300;1414.000000000;80;9591144238;B
20240213;101300;1414.000000000;25;9591144239;B
20240213;101300;1414.200000000;26;9591144240;B
20240213;101300;1414.200000000;56;9591144241;B
20240213;101300;1414.200000000;141;9591144242;B
20240213;101300;1414.200000000;100;9591144243;B
20240213;101300;1414.400000000;5;9591144244;B
20240213;101300;1414.400000000;215;9591144245;B
20240213;101301;1413.400000000;26;9591144423;S
20240213;101301;1413.400000000;158;9591144424;S
20240213;101301;1413.400000000;25;9591144425;S
20240213;101301;1413.200000000;31;9591144426;S
20240213;101302;1414.000000000;31;9591144547;B
20240213;101302;1414.000000000;213;9591144548;B
20240213;101302;1414.000000000;13;9591144549;B
20240213;101302;1414.000000000;66;9591144550;B
20240213;101302;1414.200000000;56;9591144551;B
20240213;101302;1414.200000000;100;9591144552;B
20240213;101302;1414.200000000;26;9591144553;B
20240213;101302;1414.200000000;118;9591144554;B
20240213;101302;1414.200000000;25;9591144555;B
20240213;101302;1414.200000000;50;9591144556;B
20240213;101302;1414.400000000;118;9591144557;B
20240213;101302;1414.400000000;56;9591144558;B
20240213;101302;1414.400000000;70;9591144559;B
20240213;101302;1414.600000000;58;9591144560;B
20240213;101303;1414.200000000;100;9591144625;B
20240213;101303;1414.400000000;25;9591144626;B
20240213;101303;1414.400000000;66;9591144627;B
20240213;101303;1414.400000000;70;9591144628;B
20240213;101303;1414.600000000;436;9591144629;B
20240213;101304;1414.200000000;2;9591144705;B
20240213;101304;1414.200000000;1;9591144745;B
20240213;101307;1414.200000000;1;9591145199;B
20240213;101308;1414.200000000;96;9591145281;B
20240213;101308;1414.200000000;66;9591145282;B
20240213;101308;1414.400000000;25;9591145283;B
20240213;101308;1414.600000000;76;9591145284;B
20240213;101308;1414.600000000;5;9591145285;B
20240213;101308;1414.600000000;141;9591145286;B
20240213;101308;1414.600000000;70;9591145287;B
20240213;101308;1414.600000000;65;9591145288;B
20240213;101308;1414.800000000;50;9591145289;B
20240213;101308;1414.800000000;15;9591145290;B
20240213;101308;1414.800000000;56;9591145291;B
20240213;101308;1414.800000000;335;9591145292;B
20240213;101311;1414.200000000;20;9591145728;B
20240213;101311;1414.200000000;15;9591145739;B
20240213;101312;1414.200000000;65;9591145869;B
20240213;101312;1414.400000000;65;9591145870;B
20240213;101312;1414.600000000;141;9591145871;B
20240213;101312;1414.600000000;25;9591145872;B
20240213;101312;1414.600000000;70;9591145873;B
20240213;101312;1414.800000000;56;9591145874;B
20240213;101312;1415.000000000;1;9591145875;B
20240213;101312;1415.000000000;2;9591145876;B
20240213;101312;1415.000000000;10;9591145877;B
20240213;101312;1415.000000000;3;9591145878;B
20240213;101312;1415.000000000;50;9591145879;B
20240213;101312;1415.000000000;5;9591145880;B
20240213;101312;1415.000000000;8;9591145881;B
20240213;101312;1415.000000000;1;9591145882;B
20240213;101312;1415.000000000;1;9591145883;B
20240213;101312;1415.000000000;54;9591145884;B
20240213;101312;1415.000000000;1;9591145885;B
20240213;101312;1415.000000000;442;9591145886;B
20240213;101313;1414.200000000;2;9591146034;B
20240213;101314;1414.200000000;1;9591146214;B
20240213;101314;1414.200000000;2;9591146230;B
20240213;101315;1414.000000000;3;9591146244;S
20240213;101315;1414.000000000;213;9591146245;S
20240213;101315;1414.000000000;65;9591146246;S
20240213;101315;1413.800000000;13;9591146247;S
20240213;101315;1413.800000000;26;9591146248;S
20240213;101315;1413.600000000;56;9591146249;S
20240213;101315;1413.600000000;25;9591146250;S
20240213;101315;1413.400000000;56;9591146251;S
20240213;101315;1413.400000000;2;9591146252;S
20240213;101315;1413.400000000;75;9591146253;S
20240213;101315;1413.400000000;171;9591146254;S
20240213;101315;1413.200000000;34;9591146255;S
20240213;101316;1413.800000000;9;9591146309;B
20240213;101316;1414.200000000;95;9591146310;B
20240213;101316;1414.200000000;64;9591146311;B
20240213;101316;1414.400000000;26;9591146312;B
20240213;101316;1414.400000000;25;9591146313;B
20240213;101316;1414.600000000;118;9591146314;B
20240213;101316;1414.800000000;141;9591146315;B
20240213;101316;1414.800000000;56;9591146316;B
20240213;101316;1414.800000000;34;9591146317;B
20240213;101316;1415.000000000;432;9591146318;B
20240213;101317;1414.200000000;3;9591146427;B
20240213;101317;1414.000000000;1;9591146428;S
20240213;101318;1414.200000000;1;9591146632;B
20240213;101319;1413.800000000;50;9591146745;S
20240213;101319;1414.200000000;3;9591146755;B
20240213;101320;1414.200000000;100;9591146870;B
20240213;101320;1414.400000000;63;9591146871;B
20240213;101320;1414.600000000;25;9591146872;B
20240213;101320;1414.600000000;59;9591146873;B
20240213;101320;1414.800000000;56;9591146874;B
20240213;101320;1414.800000000;697;9591146875;B
20240213;101321;1414.400000000;8;9591147056;B
20240213;101323;1413.600000000;7;9591147332;S
20240213;101323;1414.400000000;141;9591147338;B
20240213;101323;1414.400000000;7;9591147339;B
20240213;101323;1414.600000000;100;9591147340;B
20240213;101323;1414.600000000;25;9591147341;B
20240213;101323;1414.600000000;100;9591147342;B
20240213;101323;1414.600000000;63;9591147343;B
20240213;101323;1414.800000000;103;9591147344;B
20240213;101323;1414.800000000;56;9591147345;B
20240213;101323;1415.000000000;126;9591147346;B
20240213;101323;1415.000000000;56;9591147347;B
20240213;101323;1415.000000000;213;9591147348;B
20240213;101323;1415.200000000;9;9591147349;B
20240213;101323;1415.200000000;1;9591147350;B
20240213;101323;1415.200000000;30;9591147351;B
20240213;101323;1415.200000000;1;9591147352;B
20240213;101323;1415.200000000;1;9591147353;B
20240213;101323;1415.200000000;5;9591147354;B
20240213;101323;1415.200000000;56;9591147355;B
20240213;101323;1415.200000000;120;9591147356;B
20240213;101324;1414.000000000;5;9591147515;S
20240213;101325;1414.400000000;1000;9591147667;B
20240213;101325;1414.400000000;2;9591147684;B
20240213;101326;1414.400000000;1;9591147794;B
20240213;101326;1414.400000000;98;9591147795;B
20240213;101327;1414.400000000;2;9591147809;B
20240213;101328;1414.400000000;97;9591147904;B
20240213;101328;1414.400000000;100;9591147905;B
20240213;101328;1414.400000000;100;9591147906;B
20240213;101328;1414.600000000;100;9591147938;B
20240213;101328;1414.600000000;141;9591147939;B
20240213;101328;1415.000000000;63;9591147940;B
20240213;101328;1415.200000000;29;9591147941;B
20240213;101328;1415.200000000;25;9591147942;B
20240213;101328;1415.400000000;35;9591147943;B
20240213;101328;1415.400000000;500;9591147944;B
20240213;101328;1415.400000000;4;9591147945;B
20240213;101328;1415.400000000;1;9591147946;B
20240213;101328;1415.400000000;1;9591147947;B
20240213;101328;1415.400000000;56;9591147948;B
20240213;101328;1415.600000000;20;9591147949;B
20240213;101328;1415.600000000;25;9591147950;B
20240213;101328;1415.000000000;30;9591147976;B
20240213;101331;1415.000000000;70;9591148191;B
20240213;101331;1415.000000000;60;9591148192;B
20240213;101331;1415.000000000;100;9591148193;B
20240213;101331;1415.200000000;141;9591148194;B
20240213;101331;1415.600000000;25;9591148195;B
20240213;101331;1415.600000000;1;9591148196;B
20240213;101331;1415.600000000;32;9591148197;B
20240213;101331;1415.600000000;25;9591148198;B
20240213;101331;1415.800000000;10;9591148199;B
20240213;101331;1415.800000000;50;9591148200;B
20240213;101331;1415.800000000;150;9591148201;B
20240213;101331;1415.800000000;18;9591148202;B
20240213;101331;1415.800000000;1;9591148203;B
20240213;101331;1415.800000000;3;9591148204;B
20240213;101331;1415.800000000;56;9591148205;B
20240213;101331;1415.800000000;200;9591148206;B
20240213;101331;1416.000000000;58;9591148207;B
20240213;101331;1415.000000000;26;9591148208;S
20240213;101331;1415.000000000;50;9591148211;B
20240213;101331;1415.000000000;24;9591148212;B
20240213;101331;1415.000000000;100;9591148213;B
20240213;101331;1415.000000000;76;9591148214;B
20240213;101331;1415.000000000;100;9591148215;B
20240213;101331;1415.000000000;100;9591148216;B
20240213;101331;1415.000000000;100;9591148218;B
20240213;101331;1415.200000000;100;9591148219;B
20240213;101331;1415.000000000;17;9591148248;B
20240213;101331;1414.800000000;1;9591148305;S
20240213;101332;1415.000000000;2;9591148409;B
20240213;101334;1414.800000000;5;9591148654;S
20240213;101334;1414.800000000;29;9591148702;S
20240213;101335;1414.800000000;178;9591148801;S
20240213;101335;1414.600000000;56;9591148802;S
20240213;101335;1414.600000000;25;9591148803;S
20240213;101335;1414.600000000;611;9591148844;B
20240213;101335;1414.600000000;100;9591148845;B
20240213;101335;1414.600000000;100;9591148846;B
20240213;101335;1414.600000000;100;9591148847;B
20240213;101335;1414.600000000;89;9591148848;B
20240213;101335;1414.600000000;2;9591148849;B
20240213;101335;1414.600000000;3;9591148850;B
20240213;101335;1414.600000000;6;9591148851;B
20240213;101337;1414.400000000;25;9591148977;S
20240213;101337;1414.400000000;5;9591148978;S
20240213;101337;1414.400000000;20;9591148979;S
20240213;101338;1415.000000000;100;9591149245;B
20240213;101338;1415.000000000;100;9591149246;B
20240213;101338;1415.000000000;63;9591149247;B
20240213;101338;1415.200000000;2;9591149248;B
20240213;101338;1415.200000000;26;9591149249;B
20240213;101338;1415.400000000;25;9591149250;B
20240213;101338;1415.400000000;141;9591149251;B
20240213;101338;1415.600000000;2;9591149252;B
20240213;101338;1415.800000000;50;9591149253;B
20240213;101338;1415.800000000;15;9591149254;B
20240213;101338;1415.800000000;56;9591149255;B
20240213;101338;1415.800000000;8;9591149256;B
20240213;101338;1416.000000000;1;9591149257;B
20240213;101338;1416.000000000;2;9591149258;B
20240213;101338;1416.000000000;25;9591149259;B
20240213;101338;1416.000000000;100;9591149260;B
20240213;101338;1416.000000000;182;9591149261;B
20240213;101338;1416.000000000;102;9591149262;B
20240213;101339;1415.000000000;1;9591149304;B
20240213;101341;1415.000000000;3;9591149536;B
20240213;101342;1414.800000000;1;9591149620;S
20240213;101343;1414.200000000;56;9591149724;S
20240213;101343;1414.200000000;10;9591149725;S
20240213;101343;1414.200000000;33;9591149726;S
20240213;101343;1414.800000000;100;9591149830;B
20240213;101343;1415.000000000;96;9591149831;B
20240213;101343;1415.000000000;100;9591149832;B
20240213;101343;1415.000000000;1;9591149833;B
20240213;101343;1415.200000000;25;9591149834;B
20240213;101343;1415.400000000;141;9591149835;B
20240213;101343;1415.600000000;213;9591149836;B
20240213;101343;1415.600000000;56;9591149837;B
20240213;101343;1415.600000000;7;9591149838;B
20240213;101343;1415.800000000;56;9591149839;B
20240213;101343;1415.800000000;50;9591149840;B
20240213;101343;1415.800000000;15;9591149841;B
20240213;101343;1415.800000000;33;9591149842;B
20240213;101343;1415.800000000;756;9591149843;B
20240213;101343;1415.000000000;2;9591149856;B
20240213;101343;1415.000000000;17;9591149866;B
20240213;101344;1414.400000000;7;9591149930;S
20240213;101345;1415.000000000;1;9591150044;B
20240213;101348;1414.800000000;2;9591150447;S
20240213;101348;1414.800000000;150;9591150448;S
20240213;101348;1414.800000000;213;9591150449;S
20240213;101349;1414.600000000;213;9591150546;B
20240213;101349;1414.600000000;25;9591150547;B
20240213;101349;1414.800000000;635;9591150548;B
20240213;101349;1414.800000000;100;9591150549;B
20240213;101349;1415.200000000;141;9591150550;B
20240213;101349;1415.600000000;4;9591150551;B
20240213;101349;1415.800000000;56;9591150552;B
20240213;101349;1415.800000000;1000;9591150553;B
20240213;101349;1415.800000000;70;9591150554;B
20240213;101349;1416.000000000;198;9591150555;B
20240213;101349;1416.000000000;10;9591150556;B
20240213;101349;1416.000000000;5;9591150557;B
20240213;101349;1416.000000000;3543;9591150558;B
20240213;101349;1414.600000000;7;9591150595;S
20240213;101350;1415.000000000;50;9591150679;B
20240213;101353;1414.600000000;16;9591151059;S
20240213;101354;1415.000000000;50;9591151152;B
20240213;101354;1415.000000000;100;9591151153;B
20240213;101354;1415.000000000;1;9591151154;B
20240213;101354;1415.400000000;141;9591151155;B
20240213;101354;1415.400000000;62;9591151156;B
20240213;101354;1415.800000000;100;9591151157;B
20240213;101354;1415.800000000;213;9591151158;B
20240213;101354;1415.800000000;2;9591151159;B
20240213;101354;1416.000000000;633;9591151160;B
20240213;101354;1416.000000000;200;9591151161;B
20240213;101354;1416.000000000;429;9591151162;B
20240213;101354;1416.000000000;1;9591151163;B
20240213;101354;1416.000000000;1;9591151164;B
20240213;101354;1416.000000000;1;9591151165;B
20240213;101354;1416.000000000;25;9591151166;B
20240213;101354;1416.200000000;4;9591151167;B
20240213;101354;1416.200000000;1;9591151168;B
20240213;101354;1416.200000000;112;9591151169;B
20240213;101354;1416.400000000;50;9591151170;B
20240213;101354;1416.400000000;2;9591151171;B
20240213;101354;1416.400000000;1;9591151172;B
20240213;101354;1416.400000000;56;9591151173;B
20240213;101354;1416.400000000;70;9591151174;B
20240213;101354;1416.600000000;30;9591151175;B
20240213;101354;1416.600000000;2;9591151176;B
20240213;101354;1416.600000000;1;9591151177;B
20240213;101354;1416.600000000;56;9591151178;B
20240213;101354;1416.800000000;10;9591151179;B
20240213;101354;1416.800000000;3;9591151180;B
20240213;101354;1416.800000000;3;9591151181;B
20240213;101354;1416.800000000;1;9591151182;B
20240213;101354;1416.800000000;6;9591151183;B
20240213;101354;1416.800000000;7;9591151184;B
20240213;101354;1416.800000000;169;9591151185;B
20240213;101354;1416.800000000;1;9591151186;B
20240213;101354;1416.800000000;56;9591151187;B
20240213;101354;1416.800000000;700;9591151188;B
20240213;101354;1416.800000000;700;9591151189;B
20240213;101354;1417.000000000;1;9591151190;B
20240213;101354;1417.000000000;58;9591151191;B
20240213;101354;1417.000000000;2;9591151192;B
20240213;101354;1417.000000000;20;9591151193;B
20240213;101354;1417.000000000;20;9591151194;B
20240213;101354;1417.000000000;203;9591151195;B
20240213;101354;1417.000000000;50;9591151196;B
20240213;101354;1417.000000000;5;9591151197;B
20240213;101354;1417.000000000;1;9591151198;B
20240213;101354;1417.000000000;1;9591151199;B
20240213;101354;1417.000000000;1;9591151200;B
20240213;101354;1417.000000000;1400;9591151201;B
20240213;101354;1417.000000000;238;9591151202;B
20240213;101354;1415.200000000;26;9591151203;S
20240213;101354;1415.200000000;25;9591151204;S
20240213;101354;1415.000000000;56;9591151205;S
20240213;101354;1415.000000000;44;9591151206;S
20240213;101354;1415.200000000;49;9591151207;B
20240213;101354;1415.400000000;7;9591151208;S
20240213;101354;1415.000000000;93;9591151209;S
20240213;101354;1415.200000000;3;9591151210;B
20240213;101354;1415.200000000;5;9591151211;B
20240213;101354;1415.200000000;49;9591151212;B
20240213;101354;1415.200000000;43;9591151213;B
20240213;101354;1415.200000000;6;9591151214;B
20240213;101354;1415.200000000;45;9591151215;B
20240213;101354;1415.200000000;49;9591151216;B
20240213;101354;1415.200000000;100;9591151217;S
20240213;101354;1415.400000000;5;9591151218;B
20240213;101354;1415.400000000;31;9591151219;B
20240213;101354;1415.400000000;4;9591151263;B
20240213;101354;1415.400000000;53;9591151284;B
20240213;101354;1415.400000000;7;9591151296;B
20240213;101354;1415.400000000;73;9591151297;B
20240213;101354;1415.400000000;10;9591151302;B
20240213;101355;1415.400000000;17;9591151323;B
20240213;101355;1416.200000000;24;9591151327;B
20240213;101355;1416.200000000;1;9591151414;B
20240213;101355;1416.200000000;1;9591151438;B
20240213;101356;1416.200000000;14;9591151520;B
20240213;101356;1416.400000000;43;9591151521;B
20240213;101356;1416.400000000;57;9591151522;B
20240213;101356;1416.400000000;26;9591151523;B
20240213;101356;1416.600000000;24;9591151538;B
20240213;101356;1416.600000000;100;9591151539;B
20240213;101356;1416.600000000;100;9591151540;S
20240213;101356;1416.600000000;100;9591151541;S
20240213;101356;1416.600000000;176;9591151542;S
20240213;101356;1416.600000000;24;9591151543;S
20240213;101356;1416.600000000;100;9591151544;S
20240213;101356;1416.600000000;100;9591151545;S
20240213;101356;1416.600000000;100;9591151546;S
20240213;101356;1416.600000000;100;9591151547;S
20240213;101356;1416.600000000;74;9591151550;S
20240213;101357;1416.400000000;26;9591151592;S
20240213;101357;1416.200000000;1;9591151643;S
20240213;101357;1416.400000000;100;9591151698;B
20240213;101357;1416.400000000;95;9591151699;B
20240213;101359;1416.400000000;30;9591151864;B
20240213;101359;1416.400000000;5;9591151908;B
20240213;101400;1416.400000000;1;9591151987;B
20240213;101400;1416.400000000;2;9591152019;B
20240213;101401;1416.200000000;70;9591152124;S
20240213;101401;1416.400000000;35;9591152196;B
20240213;101402;1416.200000000;5;9591152260;S
20240213;101402;1416.400000000;65;9591152261;B
20240213;101402;1416.400000000;63;9591152262;B
20240213;101403;1416.400000000;100;9591152364;B
20240213;101403;1416.600000000;64;9591152365;B
20240213;101403;1416.800000000;100;9591152366;B
20240213;101403;1417.000000000;91;9591152367;B
20240213;101403;1417.000000000;25;9591152368;B
20240213;101403;1417.200000000;9;9591152369;B
20240213;101403;1417.200000000;8;9591152370;B
20240213;101403;1417.200000000;1;9591152371;B
20240213;101403;1417.200000000;93;9591152372;B
20240213;101403;1417.200000000;141;9591152373;B
20240213;101403;1417.200000000;25;9591152374;B
20240213;101403;1417.400000000;50;9591152375;B
20240213;101403;1417.400000000;1;9591152376;B
20240213;101403;1417.400000000;56;9591152377;B
20240213;101403;1417.600000000;4;9591152378;B
20240213;101403;1417.600000000;32;9591152379;B
20240213;101403;1417.600000000;1;9591152380;B
20240213;101403;1417.600000000;56;9591152381;B
20240213;101403;1417.600000000;1;9591152382;B
20240213;101403;1417.800000000;240;9591152383;B
20240213;101403;1417.800000000;1;9591152384;B
20240213;101403;1417.800000000;150;9591152385;B
20240213;101403;1417.800000000;4;9591152386;B
20240213;101403;1417.800000000;1000;9591152387;B
20240213;101403;1417.800000000;1;9591152388;B
20240213;101403;1417.800000000;56;9591152389;B
20240213;101403;1417.800000000;700;9591152390;B
20240213;101403;1418.000000000;1;9591152391;B
20240213;101403;1418.000000000;9;9591152392;B
20240213;101403;1418.000000000;1;9591152393;B
20240213;101403;1418.000000000;710;9591152394;B
20240213;101403;1416.600000000;25;9591152397;S
20240213;101403;1416.600000000;56;9591152398;S
20240213;101403;1416.600000000;19;9591152399;B
20240213;101403;1416.800000000;7;9591152400;B
20240213;101403;1416.800000000;56;9591152401;B
20240213;101403;1416.600000000;56;9591152402;B
20240213;101403;1416.600000000;25;9591152404;S
20240213;101403;1416.600000000;1;9591152433;B
20240213;101403;1416.600000000;74;9591152435;B
20240213;101403;1416.600000000;100;9591152436;B
20240213;101403;1416.800000000;26;9591152437;B
20240213;101403;1416.600000000;25;9591152438;S
20240213;101403;1416.600000000;1;9591152450;B
20240213;101404;1416.400000000;56;9591152461;S
20240213;101404;1416.400000000;18;9591152462;S
20240213;101404;1416.400000000;56;9591152474;S
20240213;101404;1416.400000000;25;9591152475;S
20240213;101404;1416.200000000;1070;9591152476;S
20240213;101404;1416.200000000;56;9591152477;S
20240213;101404;1416.200000000;50;9591152484;B
20240213;101404;1416.200000000;88;9591152491;B
20240213;101404;1416.400000000;100;9591152492;B
20240213;101404;1416.800000000;11;9591152493;B
20240213;101404;1416.800000000;26;9591152494;B
20240213;101404;1417.200000000;25;9591152495;B
20240213;101404;1417.400000000;50;9591152496;B
20240213;101404;1417.200000000;3;9591152529;B
20240213;101404;1416.600000000;1;9591152532;S
20240213;101404;1416.400000000;50;9591152543;B
20240213;101404;1416.400000000;10;9591152547;B
20240213;101405;1416.200000000;1;9591152569;S
20240213;101405;1416.200000000;98;9591152575;B
20240213;101405;1416.400000000;2;9591152576;B
20240213;101405;1417.000000000;1;9591152644;S
20240213;101405;1417.000000000;1;9591152645;S
20240213;101405;1416.400000000;1;9591152661;B
20240213;101405;1416.400000000;50;9591152663;B
20240213;101405;1416.200000000;1;9591152666;S
20240213;101405;1416.000000000;5;9591152667;S
20240213;101405;1416.000000000;200;9591152668;S
20240213;101405;1416.000000000;25;9591152669;S
20240213;101405;1415.800000000;56;9591152670;S
20240213;101405;1415.800000000;203;9591152671;S
20240213;101405;1415.800000000;141;9591152672;S
20240213;101405;1415.600000000;5;9591152673;S
20240213;101405;1415.600000000;56;9591152674;S
20240213;101405;1415.600000000;26;9591152675;S
20240213;101405;1415.600000000;70;9591152676;S
20240213;101405;1415.600000000;100;9591152677;S
20240213;101405;1415.600000000;16;9591152678;S
20240213;101405;1415.400000000;56;9591152679;S
20240213;101405;1415.400000000;100;9591152680;S
20240213;101405;1415.200000000;284;9591152681;S
20240213;101405;1415.000000000;60;9591152682;S
20240213;101405;1415.000000000;700;9591152683;S
20240213;101405;1415.000000000;100;9591152684;S
20240213;101405;1415.000000000;70;9591152685;S
20240213;101405;1414.800000000;100;9591152687;S
20240213;101405;1414.800000000;100;9591152688;S
20240213;101405;1414.800000000;46;9591152689;S
20240213;101405;1415.000000000;1;9591152691;B
20240213;101405;1415.000000000;1;9591152701;B
20240213;101406;1414.800000000;100;9591152710;S
20240213;101406;1415.000000000;2;9591152753;B
20240213;101407;1415.000000000;2;9591152863;B
20240213;101407;1415.000000000;1;9591152867;B
20240213;101408;1415.000000000;31;9591152937;B
20240213;101408;1415.000000000;5;9591152951;B
20240213;101410;1415.000000000;2;9591153150;B
20240213;101410;1414.800000000;1;9591153167;S
20240213;101410;1415.000000000;4;9591153181;B
20240213;101410;1415.600000000;26;9591153209;B
20240213;101410;1415.600000000;64;9591153210;B
20240213;101410;1415.800000000;10;9591153211;B
20240213;101412;1414.800000000;1;9591153436;S
20240213;101412;1414.800000000;25;9591153437;S
20240213;101413;1414.800000000;3;9591153596;B
20240213;101415;1414.800000000;1;9591153892;B
20240213;101416;1414.800000000;136;9591153924;B
20240213;101417;1415.400000000;1;9591154055;B
20240213;101419;1415.600000000;20;9591154305;B
20240213;101420;1415.000000000;65;9591154370;S
20240213;101420;1415.000000000;23;9591154432;S
20240213;101420;1415.000000000;25;9591154433;S
20240213;101420;1415.000000000;52;9591154434;S
20240213;101420;1415.000000000;11;9591154435;S
20240213;101420;1415.000000000;20;9591154436;S
20240213;101420;1414.800000000;100;9591154437;S
20240213;101420;1414.800000000;100;9591154438;S
20240213;101420;1414.800000000;100;9591154439;S
20240213;101420;1414.800000000;100;9591154440;S
20240213;101420;1414.800000000;100;9591154441;S
20240213;101420;1414.800000000;64;9591154442;S
20240213;101420;1414.800000000;22;9591154443;S
20240213;101420;1414.800000000;14;9591154444;S
20240213;101421;1414.800000000;100;9591154464;S
20240213;101421;1414.800000000;50;9591154508;S
20240213;101421;1414.800000000;36;9591154509;S
20240213;101421;1414.600000000;2;9591154510;S
20240213;101422;1414.600000000;8;9591154549;S
20240213;101422;1414.400000000;3;9591154575;S
20240213;101422;1414.400000000;56;9591154576;S
20240213;101422;1414.400000000;58;9591154577;S
20240213;101422;1414.400000000;6;9591154660;B
20240213;101423;1414.200000000;56;9591154711;S
20240213;101423;1414.400000000;387;9591154764;B
20240213;101423;1414.400000000;63;9591154765;B
20240213;101423;1414.600000000;100;9591154766;B
20240213;101423;1414.600000000;25;9591154767;B
20240213;101423;1414.800000000;25;9591154768;B
20240213;101423;1415.000000000;69;9591154769;B
20240213;101423;1415.000000000;65;9591154770;B
20240213;101423;1415.200000000;100;9591154771;B
20240213;101423;1415.400000000;141;9591154772;B
20240213;101423;1415.600000000;145;9591154773;B
20240213;101423;1415.600000000;56;9591154774;B
20240213;101423;1415.800000000;46;9591154775;B
20240213;101423;1415.800000000;50;9591154776;B
20240213;101423;1416.000000000;56;9591154777;B
20240213;101423;1416.000000000;50;9591154778;B
20240213;101423;1416.000000000;50;9591154779;B
20240213;101423;1416.000000000;16;9591154780;B
20240213;101423;1416.200000000;70;9591154781;B
20240213;101423;1416.400000000;98;9591154782;B
20240213;101423;1415.000000000;25;9591154798;S
20240213;101423;1414.800000000;26;9591154799;S
20240213;101423;1414.800000000;49;9591154800;S
20240213;101423;1414.800000000;7;9591154801;S
20240213;101423;1414.600000000;56;9591154802;S
20240213;101423;1414.600000000;37;9591154803;S
20240213;101423;1414.600000000;1;9591154876;B
20240213;101424;1414.400000000;29;9591154908;S
20240213;101424;1414.400000000;56;9591154909;S
20240213;101424;1414.400000000;4;9591154910;B
20240213;101424;1414.400000000;11;9591154943;B
20240213;101424;1414.200000000;44;9591154986;S
20240213;101424;1414.200000000;56;9591154987;S
20240213;101424;1414.600000000;10;9591155021;B
20240213;101427;1414.200000000;44;9591155349;S
20240213;101427;1414.200000000;150;9591155350;S
20240213;101427;1414.200000000;62;9591155351;S
20240213;101428;1414.200000000;1;9591155448;B
20240213;101428;1414.000000000;1;9591155450;S
20240213;101428;1414.000000000;10;9591155451;S
20240213;101428;1414.000000000;1;9591155452;S
20240213;101428;1414.000000000;1;9591155453;S
20240213;101428;1414.000000000;2;9591155454;S
20240213;101428;1414.000000000;1;9591155455;S
20240213;101428;1414.000000000;1;9591155456;S
20240213;101428;1414.000000000;10;9591155457;S
20240213;101428;1414.000000000;10;9591155458;S
20240213;101428;1414.000000000;13;9591155459;S
