<DATE>;<TIME>;<LAST>;<VOL>;<ID>;<OPER>
20240508;095956;1242;10;10314760959;S
20240508;095956;1242;1;10314760960;S
20240508;095956;1242;1;10314760961;S
20240508;095956;1242;1;10314760962;S
20240508;095956;1242;3;10314760963;B
20240508;095956;1242;7;10314760964;S
20240508;095956;1242;1;10314760965;B
20240508;095956;1242;4;10314760966;B
20240508;095956;1242;1;10314760967;B
20240508;095956;1242;1;10314760968;B
20240508;095956;1242;1;10314760969;B
20240508;095956;1242;1;10314760970;B
20240508;095956;1242;1;10314760971;B
20240508;095956;1242;3;10314760972;S
20240508;095956;1242;4;10314760973;S
20240508;095956;1242;18;10314760974;S
20240508;095956;1242;1;10314760975;S
20240508;095956;1242;1;10314760976;S
20240508;095956;1242;1;10314760977;S
20240508;095956;1242;10;10314760978;S
20240508;095956;1242;2;10314760979;S
20240508;095956;1242;1;10314760980;S
20240508;095956;1242;1;10314760981;S
20240508;095956;1242;10;10314760982;S
20240508;095956;1242;4;10314760983;S
20240508;095956;1242;123;10314760984;S
20240508;095956;1242;3;10314760985;S
20240508;095956;1242;6;10314760986;S
20240508;095956;1242;40;10314760987;S
20240508;095956;1242;25;10314760988;S
20240508;095956;1242;27;10314760989;S
20240508;095956;1242;14;10314760990;S
20240508;095956;1242;200;10314760991;S
20240508;095956;1242;40;10314760992;S
20240508;095956;1242;1;10314760993;S
20240508;095956;1242;3;10314760994;S
20240508;095956;1242;2;10314760995;S
20240508;095956;1242;5;10314760996;S
20240508;095956;1242;10;10314760997;B
20240508;095956;1242;2;10314760998;B
20240508;095956;1242;35;10314760999;B
20240508;095956;1242;1;10314761000;B
20240508;095956;1242;5;10314761001;B
20240508;095956;1242;9;10314761002;B
20240508;095956;1242;9;10314761003;B
20240508;095956;1242;11;10314761004;B
20240508;095956;1242;1;10314761005;B
20240508;095956;1242;50;10314761006;B
20240508;095956;1242;5;10314761007;B
20240508;095956;1242;80;10314761008;B
20240508;095956;1242;4;10314761009;B
20240508;095956;1242;1;10314761010;B
20240508;095956;1242;140;10314761011;B
20240508;095956;1242;2;10314761012;B
20240508;095956;1242;1;10314761013;B
20240508;095956;1242;5;10314761014;B
20240508;095956;1242;17;10314761015;B
20240508;095956;1242;1;10314761016;B
20240508;095956;1242;1;10314761017;B
20240508;095956;1242;1;10314761018;B
20240508;095956;1242;1;10314761019;B
20240508;095956;1242;1;10314761020;B
20240508;095956;1242;1;10314761021;B
20240508;095956;1242;2;10314761022;B
20240508;095956;1242;1;10314761023;B
20240508;095956;1242;4;10314761024;B
20240508;095956;1242;4;10314761025;B
20240508;095956;1242;25;10314761026;B
20240508;095956;1242;15;10314761027;B
20240508;095956;1242;40;10314761028;B
20240508;095956;1242;1;10314761029;B
20240508;095956;1242;3;10314761030;B
20240508;095956;1242;100;10314761031;B
20240508;095956;1242;90;10314761032;B
20240508;095956;1242;1;10314761033;B
20240508;095956;1242;4;10314761034;B
20240508;095956;1242;1;10314761035;B
20240508;095956;1242;1;10314761036;B
20240508;095956;1242;20;10314761037;S
20240508;095956;1242;1;10314761038;B
20240508;095956;1242;3;10314761039;B
20240508;095956;1242;5;10314761040;B
20240508;095956;1242;3;10314761041;B
20240508;095956;1242;100;10314761042;B
20240508;095956;1242;21;10314761043;B
20240508;095956;1242;1;10314761044;B
20240508;095956;1242;1;10314761045;B
20240508;095956;1242;21;10314761046;B
20240508;095956;1242;2;10314761047;B
20240508;095956;1242;27;10314761048;B
20240508;095956;1242;40;10314761049;B
20240508;095956;1242;33;10314761050;B
20240508;095956;1242;400;10314761051;B
20240508;095956;1242;2;10314761052;S
20240508;095956;1242;4;10314761053;S
20240508;095956;1242;1;10314761054;S
20240508;095956;1242;1;10314761055;S
20240508;095956;1242;2;10314761056;B
20240508;095956;1242;1;10314761057;B
20240508;095956;1242;1;10314761058;B
20240508;095956;1242;2;10314761059;B
20240508;095956;1242;1;10314761060;B
20240508;095956;1242;10;10314761061;B
20240508;095956;1242;15;10314761062;B
20240508;095956;1242;3;10314761063;B
20240508;095956;1242;12;10314761064;B
20240508;095956;1242;1;10314761065;B
20240508;095956;1242;1;10314761066;B
20240508;095956;1242;1;10314761067;B
20240508;095956;1242;1;10314761068;B
20240508;095956;1242;1;10314761069;B
20240508;095956;1242;1;10314761070;B
20240508;095956;1242;100;10314761071;B
20240508;095956;1242;100;10314761072;B
20240508;095956;1242;10;10314761073;B
20240508;095956;1242;174;10314761074;B
20240508;095956;1242;8;10314761075;B
20240508;095956;1242;7;10314761076;B
20240508;095956;1242;5;10314761077;B
20240508;095956;1242;3;10314761078;B
20240508;095956;1242;3;10314761079;B
20240508;095956;1242;9;10314761080;B
20240508;095956;1242;4;10314761081;B
20240508;095956;1242;1;10314761082;B
20240508;095956;1242;4;10314761083;B
20240508;095956;1242;1;10314761084;S
20240508;100004;1241.8;16;10314764405;B
20240508;100004;1241.8;7;10314764498;B
20240508;100004;1241.8;20;10314764533;B
20240508;100004;1241;5;10314764704;S
20240508;100004;1241;5;10314764705;S
20240508;100004;1241.2;15;10314764709;S
20240508;100004;1241;65;10314764710;S
20240508;100004;1240.8;20;10314764711;S
20240508;100004;1241;4;10314764754;B
20240508;100004;1240.8;4;10314764757;S
20240508;100004;1240.8;89;10314764758;S
20240508;100004;1240.8;145;10314764759;S
20240508;100004;1240.6;18;10314764760;S
20240508;100004;1240.4;25;10314764761;S
20240508;100004;1240.4;150;10314764762;S
20240508;100004;1240.4;9;10314764763;S
20240508;100004;1240.4;100;10314764764;S
20240508;100004;1240.4;64;10314764765;B
20240508;100004;1241.4;1;10314764819;B
20240508;100005;1241.4;1;10314764821;B
20240508;100005;1241.4;11;10314764893;B
20240508;100005;1241.6;30;10314764894;B
20240508;100005;1241.4;2;10314764902;B
20240508;100005;1241.6;10;10314764903;B
20240508;100005;1240.6;1;10314764978;S
20240508;100005;1240.8;1;10314765026;B
20240508;100005;1240.6;10;10314765110;S
20240508;100005;1240.8;1;10314765111;B
20240508;100005;1240.8;1;10314765112;B
20240508;100005;1240.8;1;10314765116;B
20240508;100005;1240.8;1;10314765117;B
20240508;100005;1241;1;10314765118;B
20240508;100005;1241.2;17;10314765119;B
20240508;100005;1241.4;20;10314765120;B
20240508;100005;1241.4;1;10314765241;B
20240508;100005;1241.4;10;10314765265;B
20240508;100005;1241.4;1;10314765276;B
20240508;100005;1241.4;16;10314765629;B
20240508;100005;1240.6;13;10314765713;S
20240508;100005;1240.6;10;10314765714;S
20240508;100005;1240.6;8;10314765715;S
20240508;100005;1240.4;63;10314765716;S
20240508;100005;1240.4;16;10314765717;S
20240508;100005;1240.2;17;10314765718;S
20240508;100005;1241.2;1;10314765941;B
20240508;100005;1241.2;3;10314765948;B
20240508;100006;1241.2;1;10314766517;B
20240508;100006;1240.4;1;10314766518;S
20240508;100006;1241.2;1;10314766519;B
20240508;100006;1241.2;2;10314766986;B
20240508;100006;1241.2;1;10314766990;B
20240508;100006;1240.8;1;10314767061;S
20240508;100006;1240.8;2;10314767372;S
20240508;100006;1241.2;4;10314767588;B
20240508;100006;1241.4;79;10314767589;B
20240508;100006;1241.4;62;10314767590;B
20240508;100007;1240.8;10;10314767689;S
20240508;100007;1240.6;27;10314767690;S
20240508;100007;1241.2;3;10314767697;B
20240508;100007;1241.4;164;10314767698;B
20240508;100007;1241.6;16;10314767699;B
20240508;100007;1241.8;5;10314767700;B
20240508;100007;1241.8;62;10314767701;B
20240508;100007;1241.6;1;10314767762;B
20240508;100007;1241.6;5;10314768228;B
20240508;100008;1241.6;4;10314768823;B
20240508;100008;1241.8;16;10314768824;B
20240508;100008;1241.8;1;10314768827;B
20240508;100008;1241.4;1;10314768854;S
20240508;100008;1241.8;171;10314768965;B
20240508;100008;1241.8;5;10314768966;B
20240508;100008;1241.8;10;10314768967;B
20240508;100008;1241.8;2;10314768968;B
20240508;100008;1241.8;10;10314768969;B
20240508;100008;1242;1;10314768970;B
20240508;100008;1242;30;10314768971;B
20240508;100008;1242;106;10314768972;B
20240508;100008;1242.2;1;10314769004;B
20240508;100008;1242.2;2;10314769005;B
20240508;100008;1242.4;1;10314769006;B
20240508;100008;1242.4;11;10314769007;B
20240508;100008;1242.2;18;10314769066;B
20240508;100008;1242.2;18;10314769096;B
20240508;100008;1242.2;21;10314769098;B
20240508;100008;1241.4;1;10314769100;S
20240508;100008;1242.2;1;10314769107;B
20240508;100008;1242.2;9;10314769110;B
20240508;100008;1242.2;1;10314769116;B
20240508;100008;1242.2;9;10314769126;B
20240508;100008;1242.2;1;10314769127;B
20240508;100008;1242.2;9;10314769131;B
20240508;100008;1242.2;13;10314769140;B
20240508;100008;1241.4;3;10314769155;S
20240508;100008;1241.2;4;10314769156;S
20240508;100008;1242.2;4;10314769161;B
20240508;100008;1242.4;9;10314769162;B
20240508;100008;1242.4;30;10314769166;B
20240508;100008;1242.4;3;10314769167;B
20240508;100008;1242.4;1;10314769168;B
20240508;100008;1242.4;80;10314769169;B
20240508;100008;1242.4;5;10314769170;B
20240508;100008;1242.4;100;10314769171;B
20240508;100008;1242.4;140;10314769172;B
20240508;100008;1242.4;141;10314769173;B
20240508;100008;1242.6;27;10314769186;B
20240508;100008;1242.6;8;10314769229;B
20240508;100008;1242.6;16;10314769245;B
20240508;100008;1242.6;28;10314769255;B
20240508;100008;1242.6;17;10314769262;B
20240508;100008;1242.6;10;10314769269;B
20240508;100008;1242.6;11;10314769273;B
20240508;100008;1242.6;46;10314769280;B
20240508;100008;1242.6;241;10314769322;B
20240508;100008;1242.6;11;10314769351;B
20240508;100008;1242;9;10314769362;B
20240508;100008;1242;34;10314769373;B
20240508;100008;1242.4;19;10314769374;B
20240508;100008;1242.6;47;10314769375;B
20240508;100008;1241.6;7;10314769376;S
20240508;100008;1241.6;1;10314769377;S
20240508;100008;1242.4;7;10314769381;B
20240508;100008;1242.6;2;10314769382;B
20240508;100008;1241.6;1;10314769383;S
20240508;100008;1242.6;3;10314769384;B
20240508;100008;1242.4;2;10314769386;B
20240508;100008;1242.6;7;10314769387;B
20240508;100008;1241.8;3;10314769470;B
20240508;100008;1242;24;10314769471;B
20240508;100008;1242;30;10314769551;B
20240508;100008;1242;1;10314769579;B
20240508;100008;1241.6;4;10314769580;S
20240508;100008;1241.6;17;10314769581;S
20240508;100008;1241.4;49;10314769582;S
20240508;100008;1241.6;1;10314769649;S
20240508;100008;1241.8;4;10314769740;B
20240508;100009;1242;49;10314769744;B
20240508;100009;1242;85;10314769776;B
20240508;100009;1241.8;1;10314769783;S
20240508;100009;1241.4;1;10314769784;S
20240508;100009;1242;8;10314769793;B
20240508;100009;1242;1;10314769807;B
20240508;100009;1242;1;10314769842;B
20240508;100009;1242;165;10314769863;B
20240508;100009;1242;1;10314769865;B
20240508;100009;1242;22;10314769872;B
20240508;100009;1242;113;10314769875;B
20240508;100009;1242;1;10314769876;B
20240508;100009;1242;2;10314769877;B
20240508;100009;1242.2;20;10314769878;B
20240508;100009;1242.6;114;10314769879;B
20240508;100009;1242.6;1;10314769913;B
20240508;100009;1241.8;1;10314770025;S
20240508;100009;1242;16;10314770039;B
20240508;100009;1242.6;4;10314770040;B
20240508;100010;1242;5;10314770103;S
20240508;100010;1241.8;4;10314770269;S
20240508;100010;1241.8;5;10314770270;S
20240508;100010;1241.4;5;10314770271;S
20240508;100010;1241.4;6;10314770272;S
20240508;100010;1242;1;10314770299;B
20240508;100010;1242;1;10314770316;B
20240508;100011;1241.6;1;10314770558;S
20240508;100011;1241.6;1;10314770616;S
20240508;100011;1242;1;10314770627;B
20240508;100011;1241.8;1;10314770705;S
20240508;100011;1242;1;10314770773;B
20240508;100011;1242;11;10314770795;B
20240508;100011;1242.4;6;10314770796;B
20240508;100011;1242.4;19;10314770797;B
20240508;100011;1242.6;74;10314770798;B
20240508;100011;1242.6;11;10314770856;B
20240508;100012;1242.6;30;10314771006;B
20240508;100013;1241.8;13;10314771067;S
20240508;100013;1241.8;18;10314771068;S
20240508;100014;1242.4;12;10314771444;B
20240508;100014;1242.4;1;10314771445;B
20240508;100014;1242.6;19;10314771446;B
20240508;100017;1242;2;10314772372;S
20240508;100017;1242;5;10314772373;S
20240508;100017;1241.8;13;10314772374;S
20240508;100017;1241.8;11;10314772375;S
20240508;100019;1241.8;5;10314772805;S
20240508;100020;1242.2;1;10314773203;B
20240508;100020;1242.2;6;10314773204;B
20240508;100021;1241.8;1;10314773347;S
20240508;100021;1242;1;10314773364;S
20240508;100022;1242.2;10;10314773470;B
20240508;100022;1242.2;40;10314773525;B
20240508;100023;1242.2;18;10314773630;B
20240508;100024;1242.2;1;10314773864;B
20240508;100024;1242;1;10314773866;S
20240508;100024;1242;2;10314773907;S
20240508;100024;1242;15;10314774006;S
20240508;100025;1242.2;5;10314774284;B
20240508;100025;1242.2;94;10314774285;B
20240508;100025;1242.2;11;10314774530;B
20240508;100027;1242.2;100;10314774973;B
20240508;100027;1242;1;10314774980;S
20240508;100027;1242.2;4;10314775030;B
20240508;100029;1242.2;51;10314775306;B
20240508;100030;1242;10;10314775749;S
20240508;100031;1242;20;10314775955;S
20240508;100031;1242.2;3;10314775970;B
20240508;100031;1242.2;22;10314775995;B
20240508;100031;1242.2;78;10314775996;B
20240508;100031;1242.2;100;10314775998;B
20240508;100032;1242;7;10314776132;S
20240508;100032;1242;22;10314776133;S
20240508;100032;1242;36;10314776134;S
20240508;100033;1242;1;10314776356;S
20240508;100033;1242;1;10314776362;S
20240508;100033;1242;31;10314776458;S
20240508;100033;1242;10;10314776459;S
20240508;100034;1241.8;117;10314776497;S
20240508;100034;1241.6;3;10314776498;S
20240508;100034;1241.4;13;10314776499;S
20240508;100034;1241.2;226;10314776500;S
20240508;100034;1241.2;162;10314776501;S
20240508;100034;1241.2;144;10314776502;S
20240508;100035;1241.2;12;10314776692;B
20240508;100036;1241.2;7;10314776809;B
20240508;100036;1241.2;2;10314776848;B
20240508;100037;1241.2;100;10314777008;B
20240508;100037;1241.2;110;10314777084;B
20240508;100037;1241.4;13;10314777085;B
20240508;100037;1241.6;19;10314777086;B
20240508;100037;1241.8;26;10314777087;B
20240508;100038;1241;75;10314777231;S
20240508;100041;1241.2;20;10314777741;B
20240508;100041;1241.2;80;10314777742;B
20240508;100042;1241;10;10314777757;S
20240508;100042;1241;3;10314777821;S
20240508;100042;1241.2;125;10314777834;B
20240508;100042;1241.6;13;10314777835;B
20240508;100042;1241.6;20;10314777836;B
20240508;100042;1241.8;42;10314777837;B
20240508;100043;1241.8;1;10314777937;B
20240508;100044;1241.2;10;10314778369;B
20240508;100044;1241.2;6;10314778370;B
20240508;100046;1241;6;10314778852;S
20240508;100048;1241.6;20;10314779310;B
20240508;100053;1241.2;1;10314780121;B
20240508;100053;1241;1;10314780155;S
20240508;100053;1241;5;10314780175;S
20240508;100053;1241;13;10314780176;S
20240508;100053;1241;150;10314780177;S
20240508;100053;1241;4;10314780178;S
20240508;100054;1240.8;50;10314780446;B
20240508;100055;1240.8;2;10314780479;B
20240508;100055;1240.8;8;10314780555;B
20240508;100056;1240.8;4;10314780633;B
20240508;100059;1240.6;1;10314781253;B
20240508;100059;1240.6;12;10314781254;B
20240508;100059;1240.8;98;10314781255;B
20240508;100059;1240.8;36;10314781256;B
20240508;100100;1240.6;13;10314781528;S
20240508;100100;1240.6;25;10314781529;S
20240508;100100;1240.4;26;10314781530;S
20240508;100102;1240.4;90;10314781787;S
20240508;100103;1240.8;2;10314782158;B
20240508;100104;1240.8;1;10314782271;B
20240508;100106;1240.8;1;10314782419;B
20240508;100107;1240.8;1;10314782642;B
20240508;100109;1240.8;5;10314782841;B
20240508;100109;1240.8;1;10314782941;B
20240508;100111;1240.8;2;10314783170;B
20240508;100111;1240.8;12;10314783171;B
20240508;100114;1240.8;3;10314783589;B
20240508;100115;1240.4;2;10314783770;S
20240508;100119;1240.8;1;10314784273;B
20240508;100121;1240.4;1;10314784582;S
20240508;100122;1240.4;1;10314784647;S
20240508;100125;1240.8;9;10314785303;B
20240508;100125;1240.8;31;10314785304;B
20240508;100127;1240.8;3;10314785623;B
20240508;100129;1240.6;4;10314786085;B
20240508;100130;1240.6;1;10314786302;B
20240508;100133;1240.4;2;10314786643;S
20240508;100134;1240.4;6;10314786781;S
20240508;100138;1240.6;4;10314787548;B
20240508;100139;1240.6;1;10314787802;B
20240508;100139;1240.6;1;10314787803;B
20240508;100140;1240.6;3;10314787842;B
20240508;100141;1240.6;3;10314788045;B
20240508;100142;1240.6;1;10314788079;B
20240508;100142;1240.6;2;10314788211;B
20240508;100142;1240.6;23;10314788212;B
20240508;100144;1240.4;5;10314788518;S
20240508;100144;1240.4;26;10314788519;S
20240508;100144;1240.4;100;10314788520;S
20240508;100144;1240.4;3;10314788521;S
20240508;100144;1240.4;266;10314788522;S
20240508;100144;1240.6;1;10314788562;B
20240508;100144;1240.4;83;10314788582;S
20240508;100147;1240.6;5;10314789315;B
20240508;100148;1240.6;2;10314789713;B
20240508;100149;1240.6;10;10314789815;B
20240508;100149;1240.4;24;10314789826;S
20240508;100149;1240.4;1;10314789827;S
20240508;100149;1240.4;1;10314789828;S
20240508;100149;1240.4;5;10314789829;S
20240508;100149;1240.4;9;10314789859;B
20240508;100149;1240.4;1;10314789881;B
20240508;100149;1240.4;1;10314789892;B
20240508;100151;1240.4;1;10314790228;B
20240508;100151;1240.4;5;10314790231;B
20240508;100152;1240.4;150;10314790468;B
20240508;100154;1240.4;46;10314790800;B
20240508;100155;1240.4;3;10314790989;B
20240508;100156;1240.2;1;10314791105;S
20240508;100156;1240.4;61;10314791108;B
20240508;100158;1240.4;2;10314791517;B
20240508;100159;1240.4;12;10314791690;B
20240508;100159;1240.2;83;10314791766;S
20240508;100200;1240.4;11;10314791860;B
20240508;100201;1240.2;2;10314792039;S
20240508;100202;1240.4;4;10314792149;B
20240508;100202;1240.2;100;10314792254;S
20240508;100204;1240.2;1;10314792479;S
20240508;100205;1240.2;2;10314792592;S
20240508;100205;1240.4;1;10314792603;B
20240508;100205;1240.4;1;10314792607;B
20240508;100206;1240.2;26;10314792689;S
20240508;100206;1240.2;13;10314792690;S
20240508;100206;1240.2;8;10314792691;S
20240508;100206;1240.2;98;10314792692;S
20240508;100207;1240.4;1;10314792803;B
20240508;100209;1240.4;25;10314793184;B
20240508;100210;1240.2;20;10314793328;S
20240508;100210;1240.4;41;10314793356;B
20240508;100210;1240.2;68;10314793365;S
20240508;100211;1240;1;10314793475;S
20240508;100212;1240;8;10314793499;S
20240508;100212;1240;2;10314793574;S
20240508;100213;1240.2;5;10314793631;B
20240508;100213;1240;4;10314793703;S
20240508;100214;1240.2;10;10314793773;B
20240508;100214;1240.2;10;10314793786;B
20240508;100214;1240.2;3;10314793806;B
20240508;100214;1240.2;4;10314793907;B
20240508;100214;1240.2;1;10314793908;B
20240508;100214;1240;20;10314793909;S
20240508;100214;1240;1;10314793910;S
20240508;100214;1240;7;10314793911;S
20240508;100214;1240;50;10314793912;S
20240508;100214;1240;1;10314793913;S
20240508;100214;1240;3;10314793914;S
20240508;100214;1240;1;10314793915;S
20240508;100214;1240;10;10314793916;S
20240508;100214;1240;1;10314793917;S
20240508;100214;1240;15;10314793918;S
20240508;100214;1240;11;10314793919;S
20240508;100216;1240.2;1;10314794207;B
20240508;100218;1240.2;1;10314794461;B
20240508;100218;1240;5;10314794465;S
20240508;100218;1240.2;5;10314794535;B
20240508;100218;1240.2;27;10314794537;B
20240508;100219;1240.2;5;10314794825;B
20240508;100221;1240;14;10314795088;S
20240508;100221;1240;1;10314795089;S
20240508;100224;1240.2;1;10314795520;B
20240508;100224;1240;4;10314795588;S
20240508;100224;1240;5;10314795589;S
20240508;100224;1240;1;10314795590;S
20240508;100224;1240;1;10314795591;S
20240508;100224;1240;1;10314795592;S
20240508;100224;1239.8;4;10314795593;S
20240508;100224;1239.8;8;10314795594;S
20240508;100224;1239.8;2;10314795595;S
20240508;100224;1239.8;20;10314795596;S
20240508;100224;1239.8;1;10314795597;S
20240508;100224;1239.8;3;10314795598;S
20240508;100224;1239.8;1;10314795623;S
20240508;100228;1239.8;1;10314796278;S
20240508;100229;1239.8;1;10314796303;S
20240508;100229;1239.8;1;10314796320;S
20240508;100230;1239.8;20;10314796397;S
20240508;100231;1240;1;10314796589;B
20240508;100231;1239.8;21;10314796633;S
20240508;100232;1239.8;50;10314796762;S
20240508;100232;1239.6;8;10314796763;S
20240508;100232;1239.6;22;10314796764;S
20240508;100232;1239.6;3;10314796821;S
20240508;100232;1240;1;10314796826;B
20240508;100235;1240;2;10314797271;B
20240508;100237;1240;1;10314797489;B
20240508;100241;1240;4;10314798017;B
20240508;100241;1239.8;10;10314798144;S
20240508;100242;1239.8;10;10314798208;S
20240508;100247;1240;2;10314799080;B
20240508;100247;1240;1;10314799138;B
20240508;100249;1240;2;10314799338;B
20240508;100251;1240;21;10314799534;B
20240508;100251;1239.8;21;10314799535;S
20240508;100251;1240;1;10314799567;B
20240508;100252;1240;20;10314799734;B
20240508;100253;1240;5;10314799776;B
20240508;100253;1239.8;6;10314799911;S
20240508;100253;1239.8;3;10314799912;S
20240508;100254;1239.8;3;10314800058;S
20240508;100255;1240;100;10314800179;B
20240508;100257;1240;1;10314800380;B
20240508;100257;1239.8;14;10314800409;S
20240508;100257;1239.8;23;10314800410;S
20240508;100257;1239.8;8;10314800411;S
20240508;100300;1239.8;75;10314800735;B
20240508;100300;1239.6;5;10314800776;S
20240508;100300;1239.6;5;10314800786;S
20240508;100302;1239.8;13;10314801026;B
20240508;100302;1239.8;25;10314801056;B
20240508;100302;1239.6;1;10314801077;S
20240508;100303;1239.8;5;10314801108;B
20240508;100308;1239.6;4;10314801919;S
20240508;100308;1239.8;2;10314801948;B
20240508;100308;1239.8;100;10314801954;B
20240508;100310;1239.8;1;10314802324;B
20240508;100311;1239.6;21;10314802417;S
20240508;100311;1239.8;2;10314802504;B
20240508;100312;1239.8;10;10314802659;B
20240508;100314;1239.8;1;10314802834;B
20240508;100315;1239.8;2;10314803023;B
20240508;100316;1239.8;1;10314803386;B
20240508;100317;1239.8;100;10314803418;B
20240508;100318;1239.6;1;10314803596;S
20240508;100318;1239.8;4;10314803626;B
20240508;100319;1239.8;1;10314803786;B
20240508;100324;1239.6;2;10314804466;S
20240508;100325;1239.8;1;10314804478;B
20240508;100327;1239.8;10;10314804859;B
20240508;100328;1239.8;1;10314804918;B
20240508;100328;1239.6;7;10314804973;S
20240508;100330;1239.6;10;10314805291;S
20240508;100331;1239.6;21;10314805377;S
20240508;100332;1239.6;3;10314805592;S
20240508;100334;1239.8;1;10314806001;B
20240508;100334;1239.8;1;10314806004;B
20240508;100335;1239.8;15;10314806115;B
20240508;100336;1239.6;1;10314806315;S
20240508;100336;1239.6;10;10314806373;S
20240508;100338;1239.6;1;10314806575;S
20240508;100339;1239.8;2;10314806730;B
20240508;100340;1239.6;1;10314806836;S
20240508;100341;1239.8;1;10314806989;B
20240508;100344;1239.6;20;10314807341;S
20240508;100344;1239.8;1;10314807415;B
20240508;100344;1239.8;1;10314807426;B
20240508;100349;1239.8;1;10314807996;B
20240508;100349;1239.8;3;10314808002;B
20240508;100349;1239.8;30;10314808057;B
20240508;100349;1239.8;30;10314808063;B
20240508;100349;1239.8;1;10314808080;B
20240508;100349;1239.8;1;10314808097;B
20240508;100350;1239.8;2;10314808171;B
20240508;100351;1239.6;21;10314808269;S
20240508;100352;1239.8;6;10314808403;B
20240508;100352;1239.8;12;10314808522;B
20240508;100353;1239.8;25;10314808650;B
20240508;100359;1239.6;2;10314809405;S
20240508;100401;1239.8;2;10314809606;B
20240508;100404;1239.8;35;10314809967;B
20240508;100409;1239.8;1;10314810772;B
20240508;100411;1239.6;21;10314810980;S
20240508;100412;1239.8;1;10314811115;B
20240508;100415;1239.8;1;10314811534;B
20240508;100415;1239.8;2;10314811647;B
20240508;100416;1239.6;1;10314811913;S
20240508;100416;1239.8;15;10314811914;B
20240508;100417;1239.8;5;10314811967;B
20240508;100418;1239.6;59;10314812035;S
20240508;100418;1239.6;41;10314812036;S
20240508;100426;1239.6;17;10314813210;S
20240508;100428;1239.8;12;10314813483;B
20240508;100429;1239.6;5;10314813607;S
20240508;100429;1239.8;1;10314813680;B
20240508;100430;1239.6;1;10314813778;S
20240508;100431;1239.6;21;10314813849;S
20240508;100431;1239.6;12;10314813917;S
20240508;100432;1239.8;2;10314813946;B
20240508;100432;1239.8;100;10314813997;B
20240508;100438;1239.8;1;10314814852;B
20240508;100439;1239.6;5;10314814880;S
20240508;100440;1239.8;1;10314815129;B
20240508;100440;1239.8;1;10314815131;B
20240508;100441;1239.8;2;10314815185;B
20240508;100442;1239.8;12;10314815376;B
20240508;100445;1239.6;3;10314815770;S
20240508;100446;1239.8;10;10314815850;B
20240508;100447;1239.8;4;10314816131;B
20240508;100448;1239.6;10;10314816247;S
20240508;100448;1239.6;3;10314816347;S
20240508;100451;1239.6;20;10314816618;S
20240508;100451;1239.6;1;10314816619;S
20240508;100452;1239.8;1;10314816806;B
20240508;100452;1239.8;1;10314816823;B
20240508;100452;1239.8;1;10314816850;B
20240508;100454;1239.8;7;10314817075;B
20240508;100454;1239.8;10;10314817076;B
20240508;100454;1239.8;20;10314817077;B
20240508;100454;1239.8;10;10314817078;B
20240508;100454;1239.8;3;10314817079;B
20240508;100454;1239.8;32;10314817080;B
20240508;100454;1239.8;1;10314817189;B
20240508;100454;1239.8;1;10314817199;B
20240508;100455;1239.8;1;10314817220;B
20240508;100456;1239.8;88;10314817519;B
20240508;100456;1239.8;5;10314817520;B
20240508;100456;1239.8;1;10314817521;B
20240508;100456;1239.8;36;10314817522;B
20240508;100457;1239.6;10;10314817588;S
20240508;100459;1239.8;2;10314818001;B
20240508;100459;1239.8;1;10314818011;B
20240508;100501;1239.8;2;10314818409;B
20240508;100503;1239.8;2;10314818745;B
20240508;100503;1239.8;157;10314818759;B
20240508;100503;1239.8;10;10314818760;B
20240508;100503;1239.8;34;10314818761;B
20240508;100504;1239.8;1;10314819048;B
20240508;100504;1239.8;1;10314819061;B
20240508;100505;1239.8;3;10314819186;B
20240508;100506;1239.8;30;10314819278;B
20240508;100508;1239.8;1;10314819628;B
20240508;100509;1239.8;1;10314819704;B
20240508;100509;1239.8;2;10314819716;B
20240508;100511;1239.6;21;10314820030;S
20240508;100513;1239.8;21;10314820273;B
20240508;100513;1239.8;6;10314820311;B
20240508;100513;1239.8;1;10314820312;B
20240508;100513;1239.8;1;10314820313;B
20240508;100513;1239.8;13;10314820314;B
20240508;100514;1239.8;1;10314820474;B
20240508;100515;1239.8;30;10314820639;B
20240508;100516;1239.6;468;10314820696;S
20240508;100516;1239.6;3;10314820697;S
20240508;100516;1239.6;58;10314820698;S
20240508;100516;1239.6;5;10314820699;S
20240508;100516;1239.6;3;10314820700;S
20240508;100517;1239.6;2;10314820901;B
20240508;100519;1239.6;100;10314821325;B
20240508;100519;1239.6;1;10314821377;B
20240508;100519;1239.6;1;10314821387;B
20240508;100523;1239.6;4;10314821812;B
20240508;100523;1239.6;17;10314821901;B
20240508;100524;1239.4;1;10314822002;S
20240508;100524;1239.4;4;10314822003;S
20240508;100525;1239.6;50;10314822189;B
20240508;100528;1239.4;1;10314822609;S
20240508;100528;1239.4;6;10314822637;S
20240508;100529;1239.6;1;10314822765;B
20240508;100529;1239.6;1;10314822816;B
20240508;100529;1239.6;1;10314822819;B
20240508;100531;1239.4;13;10314822956;S
20240508;100531;1239.4;2;10314822957;S
20240508;100531;1239.4;1;10314822958;S
20240508;100531;1239.4;5;10314822959;S
20240508;100533;1239.6;13;10314823352;B
20240508;100534;1239.6;1;10314823527;B
20240508;100534;1239.6;1;10314823529;B
20240508;100535;1239.4;1;10314823536;S
20240508;100536;1239.6;3;10314823776;B
20240508;100537;1239.6;1;10314823972;B
20240508;100538;1239.6;11;10314824009;B
20240508;100538;1239.6;2;10314824024;B
20240508;100539;1239.6;54;10314824104;B
20240508;100542;1239.6;199;10314824474;B
20240508;100542;1239.8;177;10314824475;B
20240508;100545;1239.8;12;10314824905;B
20240508;100545;1239.8;1;10314824920;B
20240508;100549;1239.8;50;10314825497;B
20240508;100550;1239.8;1;10314825594;B
20240508;100551;1239.6;21;10314825684;S
20240508;100552;1239.8;10;10314825932;B
20240508;100553;1239.8;10;10314826018;B
20240508;100553;1239.8;1;10314826105;B
20240508;100555;1239.6;8;10314826273;S
20240508;100556;1239.8;2;10314826472;B
20240508;100558;1239.8;1;10314826607;B
20240508;100601;1239.8;2;10314827033;B
20240508;100603;1239.6;9;10314827262;S
20240508;100603;1239.6;1;10314827271;S
20240508;100604;1239.8;2;10314827396;B
20240508;100605;1239.8;3;10314827555;B
20240508;100606;1239.8;1;10314827767;B
20240508;100608;1239.8;1;10314827939;B
20240508;100608;1239.8;1;10314828017;B
20240508;100610;1239.8;15;10314828216;B
20240508;100611;1239.6;21;10314828240;S
20240508;100611;1239.8;2;10314828312;B
20240508;100612;1239.8;1;10314828439;B
20240508;100614;1239.8;4;10314828591;B
20240508;100614;1239.6;1;10314828596;S
20240508;100614;1239.8;2;10314828599;B
20240508;100616;1239.8;7;10314828847;B
20240508;100617;1239.6;2;10314828956;S
20240508;100618;1239.8;1;10314829207;B
20240508;100619;1239.6;2;10314829258;S
20240508;100619;1239.6;1;10314829259;S
20240508;100619;1239.8;2;10314829328;B
20240508;100620;1239.8;1;10314829394;B
20240508;100622;1239.8;10;10314829619;B
20240508;100624;1239.8;1;10314829876;B
20240508;100627;1239.6;1;10314830183;S
20240508;100627;1239.6;2;10314830184;S
20240508;100628;1239.8;1;10314830339;B
20240508;100629;1239.6;5;10314830387;S
20240508;100630;1239.8;1;10314830596;B
20240508;100631;1239.6;21;10314830618;S
20240508;100632;1239.8;87;10314830803;B
20240508;100633;1239.8;1;10314830897;B
20240508;100636;1239.8;2;10314831179;B
20240508;100636;1239.6;20;10314831231;S
20240508;100638;1239.8;2;10314831407;B
20240508;100639;1239.8;2;10314831520;B
20240508;100640;1239.8;19;10314831569;B
20240508;100641;1239.6;49;10314831772;S
20240508;100641;1239.6;1;10314831773;S
20240508;100642;1239.8;3;10314831821;B
20240508;100643;1239.8;2;10314831990;B
20240508;100648;1239.6;4;10314832470;S
20240508;100648;1239.6;11;10314832471;S
20240508;100649;1239.8;1;10314832695;B
20240508;100651;1239.6;21;10314832837;S
20240508;100651;1239.6;1;10314832886;S
20240508;100651;1239.6;1;10314832903;S
20240508;100653;1239.8;7;10314833050;B
20240508;100658;1239.6;50;10314833569;S
20240508;100659;1239.8;1;10314833690;B
20240508;100659;1239.8;1;10314833827;B
20240508;100702;1239.6;1;10314834168;S
20240508;100702;1239.8;1;10314834250;B
20240508;100704;1239.8;1;10314834535;B
20240508;100704;1239.8;2;10314834552;B
20240508;100705;1239.6;10;10314834629;S
20240508;100707;1239.6;89;10314834864;S
20240508;100707;1239.6;71;10314834865;S
20240508;100707;1239.6;1;10314834866;S
20240508;100707;1239.6;81;10314834867;S
20240508;100710;1239.8;1;10314835113;B
20240508;100710;1239.8;1;10314835151;B
20240508;100711;1239.8;2;10314835195;B
20240508;100711;1239.6;21;10314835208;S
20240508;100712;1239.6;57;10314835384;S
20240508;100712;1239.6;12;10314835385;S
20240508;100712;1239.4;81;10314835386;S
20240508;100712;1239.6;1;10314835421;B
20240508;100716;1239.6;1;10314835919;B
20240508;100716;1239.8;1;10314835956;B
20240508;100717;1239.8;8;10314835999;B
20240508;100717;1239.8;5;10314836037;B
20240508;100717;1239.8;8;10314836104;B
20240508;100721;1239.8;1;10314836559;B
20240508;100723;1239.8;2;10314836759;B
20240508;100726;1239.8;1;10314837024;B
20240508;100728;1239.8;5;10314837263;B
20240508;100729;1239.8;1;10314837506;B
20240508;100730;1239.8;1;10314837617;B
20240508;100731;1239.6;1;10314837703;S
20240508;100731;1239.6;1;10314837704;S
20240508;100731;1239.6;19;10314837705;S
20240508;100736;1239.8;10;10314838437;B
20240508;100736;1239.6;1;10314838461;S
20240508;100737;1239.8;1;10314838492;B
20240508;100738;1239.6;16;10314838611;S
20240508;100739;1239.8;3;10314838734;B
20240508;100739;1239.8;2;10314838735;B
20240508;100739;1239.8;1;10314838736;B
20240508;100739;1239.8;1;10314838829;B
20240508;100739;1239.8;1;10314838846;B
20240508;100742;1239.8;2;10314839138;B
20240508;100743;1239.8;1;10314839227;B
20240508;100743;1239.8;5;10314839234;B
20240508;100744;1239.8;1;10314839407;B
20240508;100744;1239.8;1;10314839491;B
20240508;100746;1239.8;1;10314840066;B
20240508;100748;1239.8;10;10314840312;B
20240508;100748;1239.6;10;10314840364;S
20240508;100749;1239.8;1;10314840486;B
20240508;100749;1239.8;1;10314840512;B
20240508;100749;1239.8;1;10314840525;B
20240508;100751;1239.6;21;10314840610;S
20240508;100751;1239.8;1;10314840619;B
20240508;100752;1239.6;1;10314840870;S
20240508;100753;1239.6;1;10314840942;S
20240508;100755;1239.6;1;10314841133;S
20240508;100755;1239.8;1;10314841149;B
20240508;100759;1239.8;1;10314841700;B
20240508;100759;1239.8;1;10314841713;B
20240508;100800;1239.6;1;10314841760;S
20240508;100800;1239.6;74;10314841824;S
20240508;100800;1239.6;754;10314841825;S
20240508;100801;1239.8;2;10314841860;B
20240508;100805;1239.8;3;10314842370;B
20240508;100808;1239.8;1;10314842872;B
20240508;100808;1239.8;2;10314842887;B
20240508;100809;1239.8;38;10314843075;B
20240508;100809;1239.8;1;10314843078;B
20240508;100809;1239.8;1;10314843092;B
20240508;100810;1239.8;1;10314843192;B
20240508;100811;1239.6;21;10314843249;S
20240508;100813;1239.6;96;10314843665;S
20240508;100813;1239.6;10;10314843713;S
20240508;100813;1239.8;1;10314843754;B
20240508;100813;1239.8;1;10314843771;B
20240508;100813;1239.8;1;10314843776;B
20240508;100814;1239.8;2;10314843895;B
20240508;100814;1239.6;1;10314844011;S
20240508;100814;1239.8;1;10314844061;B
20240508;100814;1239.8;1;10314844065;B
20240508;100816;1239.8;4;10314844244;B
20240508;100816;1239.6;10;10314844310;S
20240508;100817;1239.8;4;10314844364;B
20240508;100817;1239.8;8;10314844421;B
20240508;100818;1239.6;1;10314844523;S
20240508;100819;1239.8;16;10314844620;B
20240508;100819;1239.8;32;10314844662;B
20240508;100822;1239.6;2;10314845054;S
20240508;100824;1239.8;1;10314845353;B
20240508;100824;1239.8;1;10314845421;B
20240508;100825;1239.8;2;10314845560;B
20240508;100826;1239.8;2;10314845809;B
20240508;100827;1239.8;3;10314845822;B
20240508;100829;1239.8;1;10314846191;B
20240508;100829;1239.8;10;10314846247;B
20240508;100831;1239.6;21;10314846601;S
20240508;100831;1239.8;4;10314846766;B
20240508;100833;1239.6;1;10314846994;S
20240508;100833;1239.8;1;10314847003;B
20240508;100834;1239.8;2;10314847128;B
20240508;100834;1239.8;8;10314847129;B
20240508;100835;1239.8;2;10314847322;B
20240508;100835;1239.8;4;10314847323;B
20240508;100835;1239.8;92;10314847324;B
20240508;100835;1239.8;1;10314847348;B
20240508;100835;1239.6;19;10314847363;S
20240508;100836;1239.8;4;10314847455;B
20240508;100838;1239.8;1;10314847581;B
20240508;100840;1239.6;3;10314847872;S
20240508;100840;1239.8;30;10314847899;B
20240508;100840;1239.6;2;10314847982;S
20240508;100843;1239.8;3;10314848314;B
20240508;100844;1239.8;1;10314848498;B
20240508;100845;1239.8;2;10314848550;B
20240508;100845;1239.8;2;10314848630;B
20240508;100846;1239.8;1;10314848824;B
20240508;100847;1239.6;1;10314848889;S
20240508;100848;1239.8;2;10314848952;B
20240508;100851;1239.8;10;10314849459;B
20240508;100852;1239.6;8;10314849648;S
20240508;100853;1239.6;2;10314849726;S
20240508;100853;1239.6;14;10314849727;S
20240508;100854;1239.6;21;10314849801;S
20240508;100854;1239.8;1;10314849849;B
20240508;100854;1239.8;1;10314849851;B
20240508;100855;1239.6;7;10314849968;S
20240508;100857;1239.8;8;10314850175;B
20240508;100857;1239.8;30;10314850258;B
20240508;100857;1239.8;1;10314850259;B
20240508;100858;1239.8;410;10314850350;B
20240508;100858;1239.8;3;10314850351;B
20240508;100858;1239.8;1;10314850352;B
20240508;100858;1239.8;100;10314850353;B
20240508;100858;1239.8;10;10314850354;B
20240508;100858;1239.8;10;10314850355;B
20240508;100858;1239.8;1;10314850356;B
20240508;100858;1239.8;1;10314850357;B
20240508;100858;1239.8;1;10314850358;B
20240508;100858;1239.8;1;10314850359;B
20240508;100858;1239.8;1;10314850360;B
20240508;100858;1239.8;1;10314850361;B
20240508;100858;1240;20;10314850362;B
20240508;100858;1240;15;10314850363;B
20240508;100858;1240;10;10314850364;B
20240508;100858;1240;2;10314850365;B
20240508;100858;1240;63;10314850366;B
20240508;100858;1240;5;10314850406;B
20240508;100902;1239.8;2;10314850904;S
20240508;100902;1239.8;3;10314850939;S
20240508;100903;1240;10;10314850971;B
20240508;100904;1240;1;10314851217;B
20240508;100905;1239.8;1;10314851307;S
20240508;100906;1240;2;10314851461;B
20240508;100906;1240;1;10314851462;B
20240508;100906;1240;1;10314851572;B
20240508;100908;1239.8;10;10314851704;S
20240508;100908;1239.8;1;10314851759;S
20240508;100910;1240;20;10314852007;B
20240508;100911;1239.8;22;10314852055;S
20240508;100911;1240;1;10314852066;B
20240508;100912;1240;3;10314852342;B
20240508;100914;1240;1;10314852678;B
20240508;100916;1240;1;10314852843;B
20240508;100916;1239.8;1;10314852888;S
20240508;100920;1240;5;10314853277;B
20240508;100924;1240;25;10314853840;B
20240508;100928;1240;1;10314854537;B
20240508;100931;1239.8;21;10314854809;S
20240508;100931;1240;2;10314854820;B
20240508;100934;1240;40;10314855875;B
20240508;100936;1239.8;1;10314856384;S
20240508;100936;1240;5;10314856409;B
20240508;100938;1240;1;10314856738;B
20240508;100938;1240;1;10314856766;B
20240508;100938;1240;1;10314856781;B
20240508;100939;1240;1;10314856795;B
20240508;100939;1239.8;5;10314856844;S
20240508;100940;1240;9;10314856964;B
20240508;100940;1240;1;10314856996;B
20240508;100941;1240;31;10314857159;B
20240508;100941;1240;31;10314857182;B
20240508;100942;1239.8;1;10314857263;S
20240508;100943;1240;10;10314857364;B
20240508;100943;1240;1;10314857489;B
20240508;100943;1240;1;10314857499;B
20240508;100946;1240;1;10314857837;B
20240508;100946;1239.8;3;10314857908;S
20240508;100946;1240;3;10314857912;B
20240508;100947;1239.8;31;10314857997;S
20240508;100948;1240;1;10314858147;B
20240508;100948;1240;1000;10314858155;B
20240508;100949;1240;50;10314858314;B
20240508;100949;1240;1000;10314858366;B
20240508;100949;1240;50;10314858382;B
20240508;100949;1240;14;10314858383;B
20240508;100949;1240;3;10314858413;B
20240508;100949;1240;50;10314858415;B
20240508;100950;1240;1;10314858713;B
20240508;100950;1240;52;10314858800;B
20240508;100950;1240;717;10314858801;B
20240508;100950;1240;10;10314858802;B
20240508;100950;1240;1;10314858803;B
20240508;100950;1240;54;10314858804;B
20240508;100950;1240;10;10314858805;B
20240508;100950;1240;2;10314858806;B
20240508;100950;1240;2;10314858807;B
20240508;100950;1240;2;10314858808;B
20240508;100950;1240;2;10314858809;B
20240508;100950;1240;40;10314858810;B
20240508;100950;1240;5;10314858811;B
20240508;100950;1240;5;10314858812;B
20240508;100950;1240;10;10314858813;B
20240508;100950;1240;1;10314858814;B
20240508;100950;1240;25;10314858815;B
20240508;100950;1240;1;10314858816;B
20240508;100950;1240;50;10314858817;B
20240508;100950;1240;1;10314858818;B
20240508;100950;1240;10;10314858819;B
20240508;100951;1239.8;21;10314858963;S
20240508;100954;1239.8;1;10314859471;S
20240508;100956;1240;1;10314859745;B
20240508;100956;1240;1;10314859762;B
20240508;100956;1240;1;10314859765;B
20240508;100957;1240;5;10314859885;B
20240508;100957;1240;1;10314860090;B
20240508;100957;1240;1;10314860103;B
20240508;100958;1239.8;1;10314860156;S
20240508;100958;1239.8;1;10314860245;S
20240508;100959;1240;7959;10314860382;B
20240508;100959;1240;100;10314860383;B
20240508;100959;1240;1;10314860384;B
20240508;101000;1240;1;10314860639;B
20240508;101001;1239.8;102;10314860843;S
20240508;101001;1239.8;15;10314860844;S
20240508;101001;1239.8;7;10314860845;S
20240508;101001;1239.8;97;10314860847;S
20240508;101001;1239.8;3;10314860848;S
20240508;101001;1239.8;61;10314860849;S
20240508;101001;1239.8;2;10314860850;S
20240508;101001;1240;37;10314860859;B
20240508;101001;1240;37;10314860887;B
20240508;101002;1239.8;69;10314860990;S
20240508;101002;1239.8;74;10314860995;S
20240508;101002;1239.8;101;10314860996;S
20240508;101002;1240;1;10314861094;B
20240508;101002;1240;1;10314861109;B
20240508;101003;1239.8;96;10314861150;S
20240508;101003;1240;5;10314861178;B
20240508;101007;1240;1;10314861838;B
20240508;101007;1240;1;10314861849;B
20240508;101011;1239.8;21;10314862399;S
20240508;101012;1240;1;10314862690;B
20240508;101016;1240;6;10314863302;B
20240508;101017;1239.8;10;10314863461;S
20240508;101017;1240;4;10314863464;B
20240508;101017;1240;1;10314863500;B
20240508;101017;1240;1;10314863508;B
20240508;101018;1240;1;10314863594;B
20240508;101019;1239.8;7;10314863703;S
20240508;101020;1240;10;10314863745;B
20240508;101020;1239.8;1;10314863794;S
20240508;101020;1240;1;10314863845;B
20240508;101021;1240;9;10314863894;B
20240508;101021;1240;1;10314863908;B
20240508;101022;1240;1;10314864080;B
20240508;101022;1240;1;10314864097;B
20240508;101023;1240;1;10314864107;B
20240508;101023;1240;1;10314864112;B
20240508;101024;1239.8;22;10314864359;S
20240508;101024;1239.8;1;10314864360;S
20240508;101024;1239.8;97;10314864361;S
20240508;101024;1239.8;145;10314864362;S
20240508;101024;1239.8;1;10314864363;S
20240508;101024;1239.8;162;10314864364;S
20240508;101024;1239.8;59;10314864365;S
20240508;101024;1239.8;1;10314864366;S
20240508;101024;1239.8;2;10314864367;S
20240508;101024;1239.8;100;10314864368;S
20240508;101024;1239.8;169;10314864369;B
20240508;101024;1239.8;3;10314864370;B
20240508;101024;1239.8;338;10314864371;B
20240508;101024;1240;191;10314864372;B
20240508;101024;1240;191;10314864373;B
20240508;101024;1240;191;10314864374;B
20240508;101024;1240;118;10314864375;B
20240508;101024;1240;118;10314864376;B
20240508;101024;1240;118;10314864377;B
20240508;101024;1240;118;10314864378;B
20240508;101024;1240;118;10314864379;B
20240508;101024;1240;118;10314864380;B
20240508;101024;1240;118;10314864381;B
20240508;101024;1240;118;10314864382;B
20240508;101024;1240;146;10314864384;B
20240508;101024;1240;28;10314864385;B
20240508;101024;1240;174;10314864386;B
20240508;101024;1240;174;10314864387;B
20240508;101024;1240;174;10314864388;B
20240508;101024;1240;174;10314864389;B
20240508;101024;1240;117;10314864390;B
20240508;101026;1240;9;10314864879;B
20240508;101027;1239.8;1;10314864993;S
20240508;101027;1240;1;10314865043;B
20240508;101027;1240;60;10314865044;B
20240508;101028;1240;65;10314865156;B
20240508;101028;1240;19;10314865157;B
20240508;101028;1240;250;10314865185;B
20240508;101028;1240;1;10314865244;B
20240508;101029;1240;100;10314865307;B
20240508;101029;1240;1;10314865419;B
20240508;101030;1240;2;10314865591;B
20240508;101031;1239.8;21;10314865654;S
20240508;101032;1240;1;10314865899;B
20240508;101032;1240;1;10314865912;B
20240508;101034;1240;1;10314866038;B
20240508;101037;1240;2;10314866385;B
20240508;101037;1239.8;1;10314866483;S
20240508;101038;1239.8;5;10314866525;S
20240508;101039;1240;1;10314866751;B
20240508;101040;1240;1;10314866863;B
20240508;101040;1239.8;1;10314866923;S
20240508;101042;1239.8;25;10314867130;S
20240508;101042;1240;1;10314867194;B
20240508;101044;1239.8;7;10314867429;S
20240508;101044;1239.8;1;10314867430;S
20240508;101044;1239.8;2;10314867431;S
20240508;101044;1240;1;10314867448;B
20240508;101045;1240;1;10314867547;B
20240508;101048;1240;3;10314867976;B
20240508;101049;1240;1;10314868234;B
20240508;101051;1239.8;20;10314868499;S
20240508;101051;1239.8;1;10314868500;S
20240508;101054;1240;2;10314868963;B
20240508;101055;1240;1;10314869011;B
20240508;101056;1240;1;10314869363;B
20240508;101058;1240;4;10314869707;B
20240508;101059;1240;10;10314869763;B
20240508;101103;1240;5;10314870523;B
20240508;101104;1240;142;10314870623;B
20240508;101104;1240;100;10314870624;B
20240508;101104;1240;5;10314870625;B
20240508;101104;1240;97;10314870626;B
20240508;101104;1240;100;10314870627;B
20240508;101104;1240;56;10314870628;B
20240508;101105;1240;1;10314870792;B
20240508;101107;1240;499;10314870975;B
20240508;101107;1240;1;10314870976;B
20240508;101108;1240;1;10314871128;B
20240508;101111;1239.8;21;10314871522;S
20240508;101111;1240;1;10314871582;B
20240508;101112;1240;5;10314871718;B
20240508;101112;1240;5;10314871719;B
20240508;101112;1240;2;10314871728;B
20240508;101115;1240;1;10314872027;B
20240508;101115;1240;100;10314872041;B
20240508;101115;1240;10;10314872101;B
20240508;101116;1240;2;10314872235;B
20240508;101119;1240;1;10314872421;B
20240508;101119;1240;1;10314872425;B
20240508;101119;1239.8;1;10314872485;S
20240508;101119;1239.8;1;10314872486;S
20240508;101119;1239.8;3;10314872487;S
20240508;101119;1239.8;13;10314872488;S
20240508;101119;1239.8;1;10314872489;S
20240508;101119;1239.8;3;10314872492;S
20240508;101120;1240;1;10314872623;B
20240508;101121;1240;1;10314872717;B
20240508;101123;1239.8;6;10314872982;S
20240508;101123;1239.8;61;10314872983;S
20240508;101123;1239.8;1;10314872984;S
20240508;101123;1239.8;1;10314872985;S
20240508;101123;1239.6;6;10314872986;S
20240508;101126;1239.6;1;10314873252;S
20240508;101126;1239.6;2;10314873253;S
20240508;101126;1239.6;1;10314873254;S
20240508;101126;1239.6;1;10314873255;S
20240508;101126;1239.6;10;10314873256;S
20240508;101126;1239.6;985;10314873257;S
20240508;101126;1239.6;2;10314873258;S
20240508;101126;1239.8;2;10314873266;B
20240508;101126;1239.8;2;10314873323;B
20240508;101126;1239.8;1;10314873369;B
20240508;101127;1239.8;16;10314873485;B
20240508;101127;1239.8;18;10314873486;B
20240508;101127;1239.8;34;10314873532;B
20240508;101128;1239.6;1;10314873636;S
20240508;101128;1239.8;30;10314873658;B
20240508;101129;1239.8;2;10314873730;B
20240508;101130;1239.8;6;10314873776;B
20240508;101130;1239.6;12;10314873795;S
20240508;101130;1239.6;8;10314873796;S
20240508;101130;1239.6;12;10314873797;S
20240508;101130;1239.6;1;10314873798;S
20240508;101130;1239.6;134;10314873799;S
20240508;101130;1239.6;300;10314873800;S
20240508;101130;1239.6;1;10314873801;S
20240508;101130;1239.4;13;10314873802;S
20240508;101130;1239.4;1;10314873803;S
20240508;101130;1239.4;18;10314873804;S
20240508;101131;1239.4;17;10314873961;S
20240508;101131;1239.4;1;10314873962;S
20240508;101131;1239.2;3;10314873963;S
20240508;101131;1239.6;13;10314874036;B
20240508;101131;1239.6;27;10314874037;B
20240508;101135;1239.6;50;10314874445;B
20240508;101135;1239.6;57;10314874446;B
20240508;101135;1239.8;93;10314874447;B
20240508;101138;1239.6;1;10314874912;B
20240508;101138;1239.8;10;10314874965;B
20240508;101139;1239.8;5;10314875156;B
20240508;101140;1239.2;17;10314875290;S
20240508;101140;1239.2;1;10314875291;S
20240508;101140;1239.2;1;10314875292;S
20240508;101140;1239.2;4;10314875293;S
20240508;101140;1239.2;1;10314875294;S
20240508;101140;1239.2;1;10314875295;S
20240508;101140;1239.2;1;10314875296;S
20240508;101140;1239.2;1;10314875297;S
20240508;101140;1239.2;1;10314875298;S
20240508;101140;1239.2;1;10314875299;S
20240508;101140;1239.2;1;10314875300;S
20240508;101140;1239.6;1;10314875301;B
20240508;101141;1239.8;82;10314875377;B
20240508;101141;1239.8;50;10314875378;B
20240508;101141;1239.8;128;10314875379;B
20240508;101141;1239.8;60;10314875380;B
20240508;101141;1239.8;147;10314875381;B
20240508;101141;1239.8;61;10314875382;B
20240508;101141;1240;738;10314875383;B
20240508;101141;1240;1;10314875384;B
20240508;101141;1240;30;10314875385;B
20240508;101141;1240;1;10314875386;B
20240508;101141;1240;145;10314875387;B
20240508;101141;1240;57;10314875388;B
20240508;101141;1239.8;5;10314875440;B
20240508;101141;1239.8;92;10314875452;B
20240508;101141;1239.8;60;10314875453;B
20240508;101141;1240;1;10314875454;B
20240508;101142;1240;10;10314875502;B
20240508;101142;1239.8;348;10314875574;S
20240508;101142;1239.8;61;10314875575;S
20240508;101142;1239.6;13;10314875576;S
20240508;101142;1239.4;1;10314875577;S
20240508;101142;1239.4;57;10314875578;S
20240508;101142;1239.2;1;10314875579;S
20240508;101142;1239.2;10;10314875580;S
20240508;101142;1239.2;8;10314875581;S
20240508;101142;1239.2;2;10314875582;S
20240508;101142;1239.2;1;10314875583;S
20240508;101142;1239.2;1;10314875584;S
20240508;101142;1239.2;80;10314875585;S
20240508;101142;1239.2;1;10314875586;S
20240508;101142;1239.2;63;10314875587;S
20240508;101142;1239.2;4;10314875588;S
20240508;101142;1239.2;2;10314875589;S
20240508;101142;1239.2;2;10314875590;S
20240508;101142;1239.2;4;10314875591;S
20240508;101142;1239.2;1;10314875592;S
20240508;101142;1239.2;2;10314875593;S
20240508;101142;1239.2;1;10314875594;S
20240508;101142;1239.2;2;10314875595;S
20240508;101142;1239.2;1;10314875596;S
20240508;101142;1239.2;1;10314875597;S
20240508;101142;1239.2;1;10314875598;S
20240508;101142;1239.2;1;10314875599;S
20240508;101142;1239.2;1;10314875600;S
20240508;101142;1239.2;1;10314875601;S
20240508;101142;1239.2;2;10314875602;S
20240508;101142;1239.2;34;10314875603;S
20240508;101142;1239.2;1;10314875604;S
20240508;101142;1239.2;226;10314875605;S
20240508;101142;1239.2;145;10314875606;S
20240508;101142;1239;1;10314875607;S
20240508;101142;1239;20;10314875608;S
20240508;101142;1239;1;10314875609;S
20240508;101142;1239;1;10314875610;S
20240508;101142;1239;1;10314875611;S
20240508;101142;1239;2;10314875612;S
20240508;101142;1239;50;10314875613;S
20240508;101142;1239;10;10314875614;S
20240508;101142;1239;2;10314875615;S
20240508;101142;1239;2;10314875616;S
20240508;101142;1239;10;10314875617;S
20240508;101142;1239;227;10314875618;S
20240508;101142;1239;70;10314875619;S
20240508;101142;1239;1;10314875620;S
20240508;101142;1239;10;10314875621;S
20240508;101142;1239;80;10314875622;S
20240508;101142;1239;4;10314875623;S
20240508;101142;1239;5;10314875624;S
20240508;101142;1239;1;10314875625;S
20240508;101142;1239;5;10314875626;S
20240508;101142;1239;20;10314875627;S
20240508;101142;1239;2;10314875628;S
20240508;101142;1239;2;10314875629;S
20240508;101142;1239;40;10314875630;S
20240508;101142;1239;1;10314875631;S
20240508;101142;1239;80;10314875632;S
20240508;101142;1239;2;10314875633;S
20240508;101142;1239;12;10314875634;S
20240508;101142;1238.8;10;10314875635;S
20240508;101142;1238.8;80;10314875636;S
20240508;101142;1238.8;60;10314875637;S
20240508;101142;1238.6;10;10314875638;S
20240508;101142;1238.6;1;10314875639;S
20240508;101142;1238.6;80;10314875640;S
20240508;101142;1238.6;40;10314875641;S
20240508;101142;1238.6;120;10314875642;S
20240508;101142;1238.4;10;10314875643;S
20240508;101142;1238.4;1;10314875644;S
20240508;101142;1238.4;10;10314875645;S
20240508;101142;1238.4;1;10314875646;S
20240508;101142;1238.4;324;10314875647;S
20240508;101142;1238.4;600;10314875648;S
20240508;101142;1238.2;1;10314875649;S
20240508;101142;1238.2;10;10314875650;S
20240508;101142;1238.2;31;10314875651;S
20240508;101142;1238.2;9;10314875652;S
20240508;101142;1238.2;750;10314875653;S
20240508;101142;1238.2;22;10314875654;S
20240508;101142;1239;41;10314875655;S
20240508;101142;1238.8;59;10314875656;S
20240508;101142;1239;20;10314875667;S
20240508;101142;1239;54;10314875670;S
20240508;101142;1239;26;10314875745;S
20240508;101142;1238.8;9;10314875746;S
20240508;101144;1239;2;10314875984;S
20240508;101144;1239.2;5;10314876010;B
20240508;101145;1239.2;2;10314876193;B
20240508;101145;1239;65;10314876194;S
20240508;101145;1239;27;10314876195;S
20240508;101145;1239;1;10314876198;S
20240508;101146;1239;13;10314876315;B
20240508;101146;1239;17;10314876316;B
20240508;101146;1239;1;10314876391;B
20240508;101147;1239;1;10314876502;B
20240508;101149;1239;1;10314876753;B
20240508;101149;1239;1;10314876838;B
20240508;101152;1239;1;10314877272;B
20240508;101153;1239;1;10314877337;B
20240508;101156;1239;2;10314877787;B
20240508;101156;1239;1;10314877817;B
20240508;101159;1239;6;10314878236;S
20240508;101159;1238.8;5;10314878237;S
20240508;101159;1238.8;100;10314878238;S
20240508;101159;1238.8;53;10314878239;S
20240508;101159;1238.4;13;10314878240;S
20240508;101159;1238.4;1;10314878241;S
20240508;101159;1238.4;145;10314878242;S
20240508;101159;1238.4;1;10314878243;S
20240508;101159;1238.2;80;10314878244;S
20240508;101159;1238;5;10314878245;S
20240508;101159;1238;3;10314878246;S
20240508;101159;1238;3;10314878247;S
20240508;101159;1238;2;10314878248;S
20240508;101159;1238;2;10314878249;S
20240508;101159;1238;6;10314878250;S
20240508;101159;1238;1000;10314878251;S
20240508;101159;1238;30;10314878252;S
20240508;101159;1238;6;10314878253;S
20240508;101159;1238;1;10314878254;S
20240508;101159;1238;250;10314878255;S
20240508;101159;1238;2;10314878256;S
20240508;101159;1238;10;10314878257;S
20240508;101159;1238;6;10314878258;S
20240508;101159;1238;1;10314878259;S
20240508;101159;1238;1;10314878260;S
20240508;101159;1238;1;10314878261;S
20240508;101159;1238;2;10314878262;S
20240508;101159;1238;80;10314878263;S
20240508;101159;1238;61;10314878264;S
20240508;101159;1237.8;10;10314878265;S
20240508;101159;1237.8;5;10314878266;S
20240508;101159;1237.8;309;10314878267;S
20240508;101200;1238.6;10;10314878347;S
20240508;101200;1238.6;1;10314878391;S
20240508;101201;1238.8;1;10314878567;B
20240508;101203;1238.8;2;10314878839;B
20240508;101203;1238.8;1;10314878858;B
20240508;101207;1238.8;1;10314879483;B
20240508;101207;1238.8;1;10314879554;B
20240508;101208;1238.8;2;10314879659;B
20240508;101208;1238.8;1;10314879694;B
20240508;101214;1238.6;14;10314880403;S
20240508;101215;1238.8;52;10314880560;B
20240508;101215;1238.8;48;10314880561;B
20240508;101216;1238.8;3;10314880584;B
20240508;101217;1238.8;5;10314880768;B
20240508;101219;1239;13;10314880904;B
20240508;101219;1239;35;10314880905;B
20240508;101221;1238.6;75;10314881515;S
20240508;101221;1238.6;25;10314881516;S
20240508;101222;1238.6;75;10314881564;S
20240508;101222;1238.6;925;10314881565;S
20240508;101225;1239;62;10314881955;B
20240508;101225;1239;61;10314881956;B
20240508;101225;1239;145;10314881957;B
20240508;101225;1239.2;80;10314881958;B
20240508;101225;1239.4;80;10314881959;B
20240508;101225;1239.4;226;10314881960;B
20240508;101225;1239.4;162;10314881961;B
20240508;101225;1239.6;80;10314881962;B
20240508;101225;1239.6;8;10314881963;B
20240508;101225;1239.6;60;10314881964;B
20240508;101225;1239.6;379;10314881965;B
20240508;101225;1239.8;50;10314881966;B
20240508;101225;1239.8;60;10314881967;B
20240508;101225;1239.8;40;10314881968;B
20240508;101225;1240;7;10314881969;B
20240508;101231;1239;63;10314882582;S
20240508;101238;1239.4;50;10314883306;B
20240508;101239;1239;50;10314883395;S
20240508;101244;1239.4;47;10314883909;B
20240508;101244;1239.4;3;10314883910;B
20240508;101244;1239.2;40;10314883976;B
20240508;101245;1239.6;11;10314884011;B
20240508;101245;1239.6;61;10314884012;B
20240508;101245;1239.6;53;10314884013;B
20240508;101245;1239.8;80;10314884014;B
20240508;101245;1239.8;162;10314884015;B
20240508;101245;1239.8;221;10314884016;B
20240508;101245;1240;456;10314884017;B
20240508;101245;1240;15;10314884018;B
20240508;101245;1240;1;10314884019;B
20240508;101245;1240;1;10314884020;B
20240508;101245;1240;80;10314884021;B
20240508;101245;1240;54;10314884022;B
20240508;101245;1240;100;10314884023;B
20240508;101245;1240;145;10314884024;B
20240508;101245;1240;60;10314884025;B
20240508;101245;1239.8;1;10314884036;B
20240508;101251;1239.2;13;10314884515;S
20240508;101251;1239.2;1;10314884516;S
20240508;101251;1239.2;7;10314884517;S
20240508;101257;1239.4;1;10314885265;B
20240508;101257;1239.4;1;10314885266;B
20240508;101259;1239.4;2;10314885508;B
20240508;101306;1239.4;5;10314886163;S
20240508;101306;1239.4;1;10314886208;B
20240508;101306;1239.2;10;10314886248;S
20240508;101307;1239.4;1;10314886394;B
20240508;101307;1239.4;1;10314886443;B
20240508;101307;1239.4;1;10314886455;B
20240508;101310;1239.2;255;10314886640;S
20240508;101310;1239.2;50;10314886641;S
20240508;101310;1239;10;10314886642;S
20240508;101310;1239;15;10314886643;S
20240508;101310;1239;1;10314886644;S
20240508;101310;1239;369;10314886645;S
20240508;101310;1239.2;1;10314886657;B
20240508;101310;1239;3;10314886708;S
20240508;101311;1239;21;10314886765;S
20240508;101311;1239.2;5;10314886784;B
20240508;101311;1239.2;91;10314886814;B
20240508;101311;1239.2;61;10314886815;B
20240508;101311;1239.2;50;10314886816;B
20240508;101311;1239.4;31;10314886817;B
20240508;101311;1239.6;13;10314886818;B
20240508;101311;1239.6;247;10314886819;B
20240508;101311;1239.8;25;10314886820;B
20240508;101311;1239.8;5;10314886821;B
20240508;101311;1239.8;162;10314886822;B
20240508;101311;1239.8;145;10314886823;B
20240508;101311;1239.8;324;10314886824;B
20240508;101311;1239.8;60;10314886825;B
20240508;101311;1240;169;10314886826;B
20240508;101311;1240;80;10314886827;B
20240508;101311;1240;20;10314886828;B
20240508;101311;1240;17;10314886829;B
20240508;101314;1239.2;5;10314887304;S
20240508;101316;1239.4;2;10314887484;B
20240508;101319;1239.4;2;10314888039;B
20240508;101319;1239.4;3;10314888069;B
20240508;101319;1239.2;1;10314888171;S
20240508;101322;1239.4;10;10314888416;B
20240508;101323;1239.2;4;10314888582;S
20240508;101324;1239.2;3;10314888774;S
20240508;101324;1239.2;252;10314888775;S
20240508;101324;1239;107;10314888776;S
20240508;101324;1239;5;10314888777;S
20240508;101324;1239;500;10314888778;S
20240508;101324;1239;50;10314888779;S
20240508;101324;1239;10;10314888780;S
20240508;101324;1239;61;10314888781;S
20240508;101324;1238.8;8;10314888782;S
20240508;101324;1238.8;6;10314888783;S
20240508;101324;1238.8;5;10314888784;S
20240508;101324;1238.8;5;10314888785;S
20240508;101324;1238.8;226;10314888786;S
20240508;101324;1238.6;75;10314888787;S
20240508;101324;1238.6;500;10314888788;S
20240508;101324;1238.6;80;10314888789;S
20240508;101324;1238.6;60;10314888790;S
20240508;101324;1238.6;145;10314888791;S
20240508;101324;1238.4;80;10314888792;S
20240508;101324;1238.4;40;10314888793;S
20240508;101324;1238.2;80;10314888794;S
20240508;101324;1238.2;5;10314888795;S
20240508;101324;1238.2;5;10314888796;S
20240508;101324;1238;5;10314888797;S
20240508;101324;1238;50;10314888798;S
20240508;101324;1238;1;10314888799;S
20240508;101324;1238;11;10314888800;S
20240508;101324;1238;1;10314888801;S
20240508;101325;1239;1;10314888837;B
20240508;101328;1238.8;70;10314889264;S
20240508;101328;1238.8;30;10314889265;S
20240508;101328;1238.8;1;10314889316;B
20240508;101329;1238.8;10;10314889440;B
20240508;101330;1238.8;2;10314889581;B
20240508;101334;1238.8;61;10314889962;B
20240508;101334;1238.8;49;10314889963;B
20240508;101334;1238.8;97;10314889964;B
20240508;101334;1239;12;10314889965;B
20240508;101334;1239;249;10314889966;B
20240508;101334;1239.2;60;10314889967;B
20240508;101334;1239.2;226;10314889968;B
20240508;101334;1239.2;162;10314889969;B
20240508;101334;1239.4;7;10314889970;B
20240508;101334;1239.4;80;10314889971;B
20240508;101334;1239.4;1;10314889972;B
20240508;101334;1239.4;145;10314889973;B
20240508;101334;1239.4;1;10314889974;B
20240508;101334;1239.6;600;10314889975;B
20240508;101334;1239.6;80;10314889976;B
20240508;101334;1239.6;500;10314889977;B
20240508;101334;1239.6;40;10314889978;B
20240508;101334;1239.8;80;10314889979;B
20240508;101334;1239.8;60;10314889980;B
20240508;101334;1240;16;10314889981;B
20240508;101334;1240;100;10314889982;B
20240508;101334;1240;874;10314889983;B
20240508;101339;1239.2;170;10314890605;S
20240508;101341;1239.4;2;10314891026;B
20240508;101341;1238.8;13;10314891135;S
20240508;101341;1238.8;57;10314891136;S
20240508;101343;1239.2;13;10314891399;B
20240508;101343;1239.2;4;10314891400;B
20240508;101344;1239.4;1;10314891479;B
20240508;101345;1238.8;1;10314891568;S
20240508;101346;1238.8;1;10314891763;S
20240508;101353;1239;7;10314892781;B
20240508;101354;1239;40;10314892806;B
20240508;101354;1239;1;10314892811;B
20240508;101354;1239;1;10314892879;B
20240508;101357;1239;12;10314893149;B
20240508;101357;1239;5;10314893150;B
20240508;101358;1238.8;99;10314893511;S
20240508;101358;1238.6;1;10314893512;S
20240508;101400;1239;10;10314893714;B
20240508;101402;1239;1;10314894029;B
20240508;101404;1239;1;10314894216;B
20240508;101405;1238.8;50;10314894290;S
20240508;101407;1239;4;10314894532;B
20240508;101407;1239;1;10314894550;B
20240508;101408;1239;1;10314894610;B
20240508;101408;1239;2;10314894638;B
20240508;101415;1239.2;1;10314895413;B
20240508;101417;1239.2;1;10314895553;B
20240508;101424;1239;1;10314896287;S
20240508;101424;1239;3;10314896288;S
20240508;101427;1239.6;3;10314896681;B
20240508;101427;1239.8;1;10314896816;B
20240508;101431;1239.2;13;10314897198;S
20240508;101431;1239.2;3;10314897199;S
20240508;101431;1239.2;56;10314897200;S
20240508;101431;1239.2;12;10314897201;S
20240508;101437;1239.6;1;10314898010;B
20240508;101437;1239.6;1;10314898035;B
20240508;101441;1239.6;1;10314898474;B
20240508;101442;1239.6;1;10314898572;B
20240508;101445;1239.2;1;10314898832;S
20240508;101445;1239;90;10314898833;S
20240508;101445;1239;1;10314898834;S
20240508;101445;1239;1;10314898835;S
20240508;101445;1239;13;10314898836;S
20240508;101445;1239;46;10314898837;S
20240508;101445;1238.8;1;10314898838;S
20240508;101445;1238.8;2;10314898839;S
20240508;101445;1238.8;5;10314898840;S
20240508;101445;1238.8;4;10314898841;S
20240508;101445;1238.8;86;10314898842;S
20240508;101445;1238.8;1;10314898892;S
20240508;101447;1239.2;10;10314899141;B
20240508;101449;1239;1;10314899469;S
20240508;101449;1238.8;4;10314899470;S
20240508;101449;1238.8;2;10314899471;S
20240508;101449;1238.8;3;10314899472;S
20240508;101452;1239.2;1;10314899810;B
20240508;101454;1239.2;20;10314899932;B
20240508;101459;1238.8;2;10314900437;S
20240508;101502;1239.2;1;10314900995;B
20240508;101503;1239.2;5;10314901043;B
20240508;101503;1239.2;1;10314901106;B
20240508;101505;1239.2;1;10314901254;B
20240508;101509;1239;1;10314902073;B
20240508;101511;1239;2;10314902333;B
20240508;101511;1239.2;10;10314902394;B
20240508;101512;1239.2;1;10314902679;B
20240508;101516;1239;1;10314903344;S
20240508;101517;1239.2;1;10314904010;B
20240508;101524;1239.2;1;10314905296;B
20240508;101526;1239.2;8;10314905639;B
20240508;101532;1239.2;1;10314906778;B
20240508;101535;1239.2;1;10314907234;B
20240508;101535;1239.2;4;10314907235;B
20240508;101542;1239.2;1;10314908723;B
20240508;101543;1238.8;1;10314908966;S
20240508;101544;1238.8;1;10314909013;S
20240508;101544;1239;1;10314909076;B
20240508;101544;1238.8;1;10314909258;S
20240508;101545;1239;1;10314909476;B
20240508;101546;1239;10;10314909682;B
20240508;101547;1239;5;10314909888;B
20240508;101547;1239;1;10314909910;B
20240508;101548;1238.8;1;10314909966;S
20240508;101548;1238.8;7;10314910091;S
20240508;101550;1238.8;38;10314910312;S
20240508;101550;1238.8;1;10314910313;S
20240508;101550;1238.6;5;10314910314;S
20240508;101550;1238.6;44;10314910315;S
20240508;101550;1238.4;3;10314910316;S
20240508;101550;1238.4;1;10314910317;S
20240508;101550;1238.4;8;10314910318;S
20240508;101550;1238.8;4;10314910319;B
20240508;101551;1238.8;1;10314910495;B
20240508;101553;1238.6;1;10314910947;S
20240508;101553;1238.8;1;10314910951;B
20240508;101554;1238.6;1;10314910981;S
20240508;101554;1238.8;1;10314911034;B
20240508;101558;1238.6;5;10314911522;S
20240508;101558;1238.6;1;10314911566;S
20240508;101600;1238.8;16;10314911930;B
20240508;101600;1238.6;1;10314911967;S
20240508;101601;1238.6;4;10314912074;S
20240508;101602;1238.8;1;10314912279;B
20240508;101603;1239;15;10314912300;B
20240508;101603;1239;162;10314912301;B
20240508;101603;1239;1;10314912302;B
20240508;101603;1239;61;10314912303;B
20240508;101603;1239;97;10314912304;B
20240508;101603;1239.2;100;10314912305;B
20240508;101603;1239.2;13;10314912306;B
20240508;101603;1239.2;145;10314912307;B
20240508;101603;1239.2;43;10314912308;B
20240508;101603;1239.2;171;10314912309;B
20240508;101603;1239.4;142;10314912310;B
20240508;101605;1239.4;4;10314912727;B
20240508;101606;1239.2;2;10314912900;S
20240508;101606;1239.2;44;10314912901;S
20240508;101611;1239.2;1;10314913517;B
20240508;101611;1239;103;10314913546;S
20240508;101612;1239;1;10314913654;S
20240508;101612;1239.2;1;10314913686;B
20240508;101612;1239;1;10314913776;S
20240508;101612;1239.2;1;10314913878;B
20240508;101613;1239.2;5;10314914038;B
20240508;101615;1239.2;1;10314914273;B
20240508;101617;1239;1;10314914514;S
20240508;101617;1239;1;10314914578;S
20240508;101617;1239.2;3;10314914595;B
20240508;101617;1239.2;1;10314914647;B
20240508;101618;1239.2;3;10314914735;B
20240508;101619;1239.2;7;10314914846;B
20240508;101619;1239;1;10314914899;S
20240508;101620;1239;1;10314915084;S
20240508;101620;1239.2;3;10314915106;B
20240508;101621;1239.2;6;10314915303;B
20240508;101622;1239;1;10314915557;S
20240508;101622;1239;1;10314915625;S
20240508;101624;1239;1;10314915864;S
20240508;101624;1239.2;3;10314915945;B
20240508;101624;1239.2;19;10314916005;B
20240508;101627;1239.4;1;10314916463;B
20240508;101630;1239.2;2;10314916830;S
20240508;101631;1239.2;21;10314916950;S
20240508;101632;1239.4;1;10314917159;B
20240508;101633;1239.2;1;10314917194;S
20240508;101634;1239.2;10;10314917364;B
20240508;101634;1239.2;1;10314917404;B
20240508;101636;1239.2;3;10314917582;B
20240508;101637;1239.2;3;10314917670;B
20240508;101639;1239;1;10314918004;S
20240508;101640;1239.2;1;10314918334;B
20240508;101641;1239.2;2;10314918373;B
20240508;101642;1239;1;10314918653;S
20240508;101642;1239;1;10314918693;S
20240508;101642;1239.2;1;10314918743;B
20240508;101645;1239.2;12;10314919089;B
20240508;101646;1239.2;17;10314919230;B
20240508;101646;1239.2;7;10314919235;S
20240508;101646;1239.4;1;10314919237;B
20240508;101646;1239.2;2;10314919346;S
20240508;101649;1239.2;1;10314919662;S
20240508;101650;1239.4;1;10314919845;B
20240508;101651;1239.2;21;10314919966;S
20240508;101652;1239.4;1;10314920051;B
20240508;101652;1239.2;1;10314920080;S
20240508;101652;1239.2;1;10314920082;S
20240508;101652;1239.2;2;10314920098;S
20240508;101652;1239.2;1;10314920164;S
20240508;101652;1239.2;3;10314920183;S
20240508;101652;1239.4;1;10314920196;B
20240508;101653;1239.2;1;10314920222;S
20240508;101653;1239.2;1;10314920290;S
20240508;101654;1239.4;3;10314920350;B
20240508;101654;1239.4;1;10314920394;B
20240508;101654;1239.4;1;10314920397;B
20240508;101656;1239.4;2;10314920592;B
20240508;101656;1239.4;2;10314920608;B
20240508;101657;1239.2;3;10314920713;S
20240508;101657;1239.2;4;10314920753;S
20240508;101659;1239.2;2;10314921125;S
20240508;101659;1239.2;1;10314921159;S
20240508;101701;1239.2;2;10314921496;S
20240508;101702;1239.2;2;10314921611;S
20240508;101702;1239.4;1;10314921620;B
20240508;101702;1239.4;1;10314921707;B
20240508;101704;1239.4;5;10314921918;B
20240508;101704;1239.4;1;10314922000;B
20240508;101705;1239.2;2;10314922016;S
20240508;101705;1239.4;31;10314922228;B
20240508;101705;1239.4;969;10314922229;B
20240508;101705;1239.4;2;10314922315;B
20240508;101706;1239.4;1;10314922378;B
20240508;101706;1239.2;1;10314922447;S
20240508;101706;1239.2;3;10314922477;S
20240508;101707;1239.4;1;10314922703;B
20240508;101707;1239.4;1;10314922713;B
20240508;101707;1239.4;1;10314922717;B
20240508;101708;1239.2;1;10314922867;S
20240508;101708;1239.4;1;10314922896;B
20240508;101708;1239.4;1;10314923017;B
20240508;101709;1239.4;6;10314923092;B
20240508;101710;1239.4;1;10314923222;B
20240508;101710;1239.4;5;10314923223;B
20240508;101711;1239.2;21;10314923375;S
20240508;101711;1239.4;2;10314923389;B
20240508;101711;1239.2;6;10314923426;S
20240508;101712;1239.4;1;10314923498;B
20240508;101712;1239.4;1;10314923521;B
20240508;101712;1239.4;2;10314923525;B
20240508;101712;1239.4;1;10314923584;B
20240508;101712;1239.2;5;10314923596;S
20240508;101713;1239.4;1;10314923739;B
20240508;101714;1239.4;1;10314923831;B
20240508;101714;1239.4;1;10314923843;B
20240508;101714;1239.2;2;10314923865;S
20240508;101715;1239.4;1;10314923882;B
20240508;101715;1239.4;1;10314923899;B
20240508;101715;1239.2;2;10314923943;S
20240508;101715;1239.2;125;10314923999;S
20240508;101715;1239.2;1;10314924000;S
20240508;101716;1239.2;10;10314924018;S
20240508;101716;1239.2;3;10314924057;S
20240508;101716;1239.4;499;10314924097;B
20240508;101716;1239.4;61;10314924098;B
20240508;101716;1239.6;80;10314924099;B
20240508;101716;1239.6;45;10314924100;B
20240508;101716;1239.6;143;10314924101;B
20240508;101716;1239.6;162;10314924102;B
20240508;101716;1239.6;97;10314924103;B
20240508;101716;1239.8;79;10314924104;B
20240508;101716;1239.8;20;10314924105;B
20240508;101716;1239.8;2;10314924106;B
20240508;101716;1239.8;532;10314924107;B
20240508;101718;1239.8;3;10314924340;B
20240508;101721;1239.8;60;10314924621;B
20240508;101721;1239.8;2;10314924646;B
20240508;101721;1239.8;23;10314924653;B
20240508;101721;1239.8;1;10314924698;B
20240508;101722;1239.6;4;10314924846;S
20240508;101722;1239.8;1;10314924894;B
20240508;101723;1239.8;1;10314924961;B
20240508;101723;1239.8;11;10314925020;B
20240508;101724;1239.6;1;10314925044;S
20240508;101724;1239.8;2;10314925045;B
20240508;101724;1239.8;1;10314925048;B
20240508;101724;1239.6;92;10314925249;S
20240508;101724;1239.6;47;10314925250;S
20240508;101724;1239.6;11;10314925252;B
20240508;101724;1239.6;50;10314925253;B
20240508;101728;1239.8;3;10314925673;B
20240508;101730;1239.4;2;10314925968;S
20240508;101731;1239.4;11;10314926019;S
20240508;101731;1239.4;2;10314926020;S
20240508;101731;1239.4;8;10314926021;S
20240508;101732;1239.8;1;10314926243;B
20240508;101734;1239.8;2;10314926349;B
20240508;101734;1240;2;10314926356;B
20240508;101734;1240;1;10314926414;B
20240508;101734;1240;3;10314926429;B
20240508;101734;1239.8;2;10314926438;S
20240508;101735;1240;9;10314926502;B
20240508;101735;1239.8;97;10314926520;S
20240508;101735;1239.8;47;10314926521;S
20240508;101737;1239.8;1;10314926799;B
20240508;101738;1239.8;2;10314926870;B
20240508;101740;1239.8;1;10314927130;B
20240508;101742;1239.8;4;10314927326;B
20240508;101742;1239.8;2;10314927340;B
20240508;101742;1239.8;2;10314927374;B
20240508;101743;1239.8;2;10314927485;B
20240508;101743;1239.6;3;10314927508;S
20240508;101746;1239.8;3;10314927798;B
20240508;101746;1239.8;5;10314927870;B
20240508;101747;1239.8;6;10314927927;B
20240508;101748;1239.8;1;10314928030;B
20240508;101749;1239.6;1;10314928119;S
20240508;101750;1239.8;2;10314928232;B
20240508;101751;1239.6;21;10314928282;S
20240508;101751;1239.8;5;10314928283;B
20240508;101752;1239.8;1;10314928415;B
20240508;101753;1239.8;11;10314928532;B
20240508;101755;1239.8;1;10314928688;B
20240508;101756;1239.8;5;10314928742;B
20240508;101757;1239.6;5;10314928799;S
20240508;101758;1239.6;19;10314928921;S
20240508;101759;1239.6;1;10314929033;S
20240508;101802;1239.8;55;10314929280;B
20240508;101802;1239.8;3;10314929339;B
20240508;101802;1239.8;1;10314929358;B
20240508;101803;1239.8;1;10314929401;B
20240508;101804;1239.8;1;10314929570;B
20240508;101811;1239.6;21;10314930355;S
20240508;101812;1239.8;1;10314930533;B
20240508;101813;1239.8;2;10314930548;B
20240508;101813;1239.8;5;10314930553;B
20240508;101816;1239.8;20;10314930923;B
20240508;101817;1239.8;6;10314931080;B
20240508;101817;1239.8;5;10314931161;B
20240508;101817;1239.8;1;10314931211;B
20240508;101818;1239.8;1;10314931228;B
20240508;101818;1239.8;5;10314931267;B
20240508;101818;1239.8;6;10314931403;B
20240508;101822;1239.6;19;10314931957;S
20240508;101822;1239.6;31;10314931958;S
20240508;101822;1239.8;1;10314931974;B
20240508;101824;1239.8;3;10314932127;B
20240508;101826;1239.8;12;10314932507;B
20240508;101829;1239.8;1;10314932912;B
20240508;101831;1239.6;10;10314933316;S
20240508;101831;1239.6;5;10314933317;S
20240508;101831;1239.6;5;10314933318;S
20240508;101831;1239.6;1;10314933319;S
20240508;101831;1239.8;36;10314933438;B
20240508;101832;1239.8;2;10314933542;B
20240508;101832;1239.8;1;10314933677;B
20240508;101834;1239.8;3;10314934127;B
20240508;101841;1239.6;2;10314935184;S
20240508;101841;1239.6;1;10314935185;S
20240508;101841;1239.6;51;10314935186;S
20240508;101841;1239.6;1;10314935187;S
20240508;101841;1239.4;24;10314935188;S
20240508;101841;1239.4;97;10314935189;S
20240508;101841;1239.4;1;10314935190;S
20240508;101841;1239.2;14;10314935191;S
20240508;101841;1239.2;5;10314935192;S
20240508;101841;1239.2;162;10314935193;S
20240508;101841;1239.2;1;10314935194;S
20240508;101842;1239.8;1;10314935383;B
20240508;101844;1239.4;8;10314935614;S
20240508;101847;1239.8;1;10314936066;B
20240508;101851;1239.4;21;10314936444;S
20240508;101857;1239.8;1;10314937130;B
20240508;101901;1239.4;1;10314937634;S
20240508;101903;1239.8;100;10314937868;B
20240508;101906;1239.8;1;10314938435;B
20240508;101907;1239.8;1;10314938633;B
20240508;101911;1239.4;21;10314939153;S
20240508;101916;1239.8;6;10314940277;B
20240508;101917;1239.6;1;10314940436;S
20240508;101917;1239.6;1;10314940442;S
20240508;101917;1239.6;1;10314940480;S
20240508;101917;1239.8;1;10314940499;B
20240508;101918;1239.8;1;10314940528;B
20240508;101918;1239.8;4;10314940552;B
20240508;101919;1239.8;1;10314940693;B
20240508;101920;1239.8;7;10314940811;B
20240508;101920;1239.8;5;10314940846;B
20240508;101922;1239.8;1;10314941089;B
20240508;101923;1239.8;2;10314941102;B
20240508;101923;1239.6;6;10314941248;S
20240508;101924;1239.8;4;10314941317;B
20240508;101926;1239.8;500;10314941564;B
20240508;101926;1239.8;1;10314941672;B
20240508;101929;1239.8;5;10314942049;B
20240508;101931;1239.6;21;10314942308;S
20240508;101932;1239.8;1;10314942597;B
20240508;101932;1239.6;2;10314942612;S
20240508;101941;1239.8;2;10314943837;B
20240508;101942;1239.8;1;10314943999;B
20240508;101944;1239.8;1;10314944193;B
20240508;101944;1239.8;2;10314944265;B
20240508;101945;1239.8;39;10314944302;B
20240508;101948;1239.8;6;10314944655;B
20240508;101948;1239.8;10;10314944776;B
20240508;101949;1239.8;1;10314944803;B
20240508;101951;1239.6;21;10314945083;S
20240508;101951;1239.8;24;10314945084;B
20240508;101952;1239.8;1;10314945300;B
20240508;101954;1239.8;1;10314945499;B
20240508;101957;1239.8;17;10314945891;B
20240508;101959;1239.8;2;10314946148;B
20240508;102000;1239.8;1;10314946282;B
20240508;102001;1239.8;5;10314946342;B
20240508;102002;1239.8;2;10314946453;B
20240508;102003;1239.8;2;10314946629;B
20240508;102004;1239.6;1;10314946681;S
20240508;102007;1239.8;1;10314947308;B
20240508;102008;1239.8;5;10314947356;B
20240508;102008;1239.8;863;10314947425;B
20240508;102008;1239.8;1;10314947426;B
20240508;102008;1239.8;1;10314947427;B
20240508;102008;1239.8;2;10314947428;B
20240508;102008;1239.8;20;10314947429;B
20240508;102008;1239.8;2;10314947430;B
20240508;102008;1240;485;10314947431;B
20240508;102008;1240;25;10314947432;B
20240508;102008;1240;3;10314947433;B
20240508;102008;1240;30;10314947434;B
20240508;102008;1240;2;10314947435;B
20240508;102008;1240;6;10314947436;B
20240508;102008;1240;25;10314947437;B
20240508;102008;1240;10;10314947438;B
20240508;102008;1240;25;10314947439;B
20240508;102008;1240;55;10314947442;B
20240508;102008;1240;26;10314947443;B
20240508;102011;1239.8;21;10314947922;S
20240508;102012;1240;4;10314948067;B
20240508;102015;1240;1;10314948556;B
20240508;102017;1240;1;10314948728;B
20240508;102019;1240;1;10314949108;B
20240508;102019;1240;10;10314949156;B
20240508;102024;1240;16;10314951294;B
20240508;102025;1240;41;10314951423;B
20240508;102025;1240;11;10314951424;B
20240508;102025;1240;10;10314951425;B
20240508;102025;1240;500;10314951426;B
20240508;102025;1240;80;10314951427;B
20240508;102025;1240;65;10314951428;B
20240508;102027;1240;1;10314951774;B
20240508;102027;1240;234;10314951816;B
20240508;102027;1240;1186;10314951817;B
20240508;102027;1240;80;10314951818;B
20240508;102027;1240;1;10314951855;B
20240508;102030;1240;1;10314954158;B
20240508;102031;1239.8;1;10314954612;S
20240508;102031;1239.8;20;10314954613;S
20240508;102031;1239.8;41;10314954658;S
20240508;102031;1239.8;37;10314954659;S
20240508;102031;1239.6;43;10314954660;S
20240508;102031;1239.6;10;10314954661;S
20240508;102031;1239.6;1;10314954662;S
20240508;102031;1239.6;13;10314954663;S
20240508;102031;1239.6;1;10314954664;B
20240508;102032;1239.6;1;10314954744;B
20240508;102033;1239.6;2;10314954777;B
20240508;102035;1239.6;1;10314955069;B
20240508;102035;1239.6;1;10314955345;B
20240508;102036;1239.6;2;10314956219;B
20240508;102037;1239.6;1;10314956619;B
20240508;102042;1239.6;3;10314957879;B
20240508;102042;1239.6;1;10314957898;B
20240508;102044;1239.4;4;10314959132;S
20240508;102045;1239.6;1;10314959178;B
20240508;102046;1239.6;1;10314959245;B
20240508;102046;1239.6;990;10314959268;B
20240508;102046;1239.8;56;10314959269;B
20240508;102046;1239.8;13;10314959270;B
20240508;102046;1239.8;61;10314959271;B
20240508;102046;1240;360;10314959272;B
20240508;102046;1240;20;10314959273;B
20240508;102051;1239.6;21;10314960943;S
20240508;102052;1240;1;10314961446;B
20240508;102053;1240;3;10314961453;B
20240508;102059;1240;217;10314962894;B
20240508;102101;1240;1;10314963079;B
20240508;102102;1240;8;10314963154;B
20240508;102102;1240;1;10314963974;B
20240508;102103;1239.8;1;10314964078;S
20240508;102105;1240;80;10314964283;B
20240508;102105;1240;2;10314964318;B
20240508;102107;1240;1;10314965422;B
20240508;102107;1240;1;10314965515;B
20240508;102108;1240;1;10314966389;B
20240508;102110;1240;7;10314966590;B
20240508;102110;1240;1400;10314966632;B
20240508;102110;1240;100;10314966633;B
20240508;102111;1239.8;21;10314966759;S
20240508;102111;1240;10;10314966793;B
20240508;102113;1239.8;2;10314967222;S
20240508;102116;1240;299;10314968156;B
20240508;102116;1240;20;10314968157;B
20240508;102116;1240;1;10314968158;B
20240508;102116;1240;1;10314968592;B
20240508;102117;1240;3;10314968741;B
20240508;102117;1240;1;10314968900;B
20240508;102121;1239.8;6;10314969403;S
20240508;102121;1240;87;10314969515;B
20240508;102122;1240;1;10314969755;B
20240508;102123;1240;5;10314969954;B
20240508;102124;1240;2;10314970053;B
20240508;102127;1240;1;10314971720;B
20240508;102131;1240;1;10314972820;B
20240508;102132;1240;2;10314972978;B
20240508;102132;1239.8;21;10314972999;S
20240508;102132;1240;3;10314973040;B
20240508;102135;1240;4;10314973627;B
20240508;102136;1240;1;10314973764;B
20240508;102141;1239.8;1;10314975690;S
20240508;102141;1240;1;10314975736;B
20240508;102142;1239.8;1;10314975801;S
20240508;102142;1240;5;10314975887;B
20240508;102143;1239.8;9;10314976104;S
20240508;102143;1239.8;1;10314976105;S
20240508;102143;1240;2;10314976106;B
20240508;102145;1240;17;10314976394;B
20240508;102146;1240;2;10314976583;B
20240508;102149;1240;1400;10314977737;B
20240508;102149;1240;100;10314977738;B
20240508;102151;1240;1;10314978447;B
20240508;102151;1239.8;1;10314978477;S
20240508;102151;1239.8;21;10314978478;S
20240508;102152;1240;1;10314978591;B
20240508;102152;1240;3;10314978608;B
20240508;102154;1240;1;10314978741;B
20240508;102156;1240;5;10314979172;B
20240508;102157;1240;5;10314979310;B
20240508;102202;1240;1;10314980821;B
20240508;102203;1240;1;10314980951;B
20240508;102205;1240;363;10314981460;B
20240508;102205;1240;1;10314981461;B
20240508;102205;1240;36;10314981462;B
20240508;102207;1240;2;10314982267;B
20240508;102208;1240;1;10314982336;B
20240508;102208;1240;5;10314982394;B
20240508;102210;1239.8;1;10314982523;S
20240508;102210;1240;3;10314982535;B
20240508;102210;1239.8;1;10314984182;S
20240508;102211;1240;1;10314984238;B
20240508;102211;1240;2;10314984273;B
20240508;102211;1239.8;21;10314984286;S
20240508;102212;1240;145;10314984612;B
20240508;102212;1240;1254;10314984613;B
20240508;102212;1240;100;10314984614;B
20240508;102212;1240;1;10314984615;B
20240508;102212;1240;1;10314984718;B
20240508;102213;1240;1;10314984860;B
20240508;102216;1240;1;10314985983;B
20240508;102217;1240;1;10314986357;B
20240508;102218;1240;2;10314986508;B
20240508;102222;1240;1;10314988901;B
20240508;102223;1240;3;10314989575;B
20240508;102224;1240;1;10314989933;B
20240508;102225;1240;2;10314990058;B
20240508;102225;1240;1;10314990133;B
20240508;102226;1240;5;10314990372;B
20240508;102228;1240;1;10314990909;B
20240508;102228;1240;7;10314990967;B
20240508;102228;1240;2;10314991172;B
20240508;102231;1239.8;17;10314993228;S
20240508;102231;1239.8;1;10314993229;S
20240508;102231;1239.8;3;10314993230;S
20240508;102233;1240;5;10314993845;B
20240508;102233;1240;15;10314993992;B
20240508;102236;1240;1;10314994721;B
20240508;102237;1240;1;10314995268;B
20240508;102238;1240;2;10314995545;B
20240508;102241;1239.8;1;10314996792;S
20240508;102241;1240;2;10314996837;B
20240508;102242;1240;794;10314997021;B
20240508;102242;1240;20;10314997022;B
20240508;102242;1240;10;10314997023;B
20240508;102242;1240;1;10314997024;B
20240508;102242;1240;51;10314997025;B
20240508;102242;1240;59;10314997026;B
20240508;102242;1240;34;10314997027;B
20240508;102242;1240;1;10314997028;B
20240508;102242;1240;30;10314997029;B
20240508;102246;1240;1;10314998857;B
20240508;102246;1240;30;10314998864;B
20240508;102247;1240;1;10315000107;B
20240508;102248;1239.8;1;10315000248;S
20240508;102250;1239.8;4;10315000717;S
20240508;102251;1239.8;4;10315000999;S
20240508;102251;1239.8;10;10315001000;S
20240508;102251;1239.8;1;10315001001;S
20240508;102251;1239.8;5;10315001002;S
20240508;102251;1239.8;1;10315001003;S
20240508;102251;1240;8;10315001105;B
20240508;102252;1239.8;49;10315001201;S
20240508;102252;1239.8;50;10315001202;S
20240508;102252;1239.8;1;10315001203;S
20240508;102252;1239.8;10;10315001204;S
20240508;102252;1240;1;10315001322;B
20240508;102253;1240;3;10315001973;B
20240508;102253;1240;1;10315002043;B
20240508;102257;1240;5;10315004006;B
20240508;102302;1240;1;10315005481;B
20240508;102302;1239.8;2;10315005506;S
20240508;102302;1240;2;10315005519;B
20240508;102306;1240;1;10315007906;B
20240508;102308;1240;2;10315008481;B
20240508;102308;1240;2;10315008519;B
20240508;102310;1240;1;10315009417;B
20240508;102311;1239.8;21;10315009568;S
20240508;102311;1240;1;10315009624;B
20240508;102312;1240;1;10315010004;B
20240508;102318;1240;2;10315012772;B
20240508;102320;1239.8;10;10315013652;S
20240508;102323;1240;1292;10315014358;B
20240508;102323;1240;5;10315014359;B
20240508;102323;1240;3;10315014360;B
20240508;102323;1240;100;10315014361;B
20240508;102323;1240;1;10315014363;B
20240508;102323;1240;7;10315014393;B
20240508;102324;1239.8;3;10315014805;S
20240508;102325;1240;1;10315014982;B
20240508;102327;1240;3;10315015449;B
20240508;102329;1240;2;10315016742;B
20240508;102331;1240;2;10315017896;B
20240508;102331;1239.8;15;10315017970;S
20240508;102331;1239.8;1;10315017971;S
20240508;102331;1239.8;1;10315017972;S
20240508;102331;1239.8;1;10315017973;S
20240508;102331;1239.6;3;10315017974;S
20240508;102332;1239.8;10;10315018087;S
20240508;102332;1240;1;10315018153;B
20240508;102333;1240;3;10315018478;B
20240508;102334;1240;4;10315018539;B
20240508;102335;1240;1;10315019130;B
20240508;102337;1240;2;10315020326;B
20240508;102338;1240;1;10315020663;B
20240508;102340;1240;1;10315020895;B
20240508;102341;1240;1;10315021018;B
20240508;102341;1240;12;10315021019;B
20240508;102341;1240;1;10315021020;B
20240508;102341;1240;1;10315021109;B
20240508;102343;1239.8;60;10315021376;S
20240508;102343;1240;1;10315021429;B
20240508;102343;1239.8;1;10315021433;S
20240508;102344;1240;1;10315021692;B
20240508;102348;1239.8;1;10315022243;S
20240508;102348;1239.8;9;10315022244;S
20240508;102348;1239.8;1;10315022326;S
20240508;102351;1239.8;16;10315023643;S
20240508;102351;1239.6;5;10315023644;S
20240508;102402;1240;1;10315026395;B
20240508;102403;1240;1;10315026998;B
20240508;102410;1240;1;10315029213;B
20240508;102411;1239.8;1;10315029339;S
20240508;102411;1239.8;20;10315029340;S
20240508;102412;1240;1;10315030005;B
20240508;102414;1240;4;10315030156;B
20240508;102416;1240;1;10315030741;B
20240508;102417;1239.8;1;10315030849;S
20240508;102421;1240;1;10315032262;B
20240508;102422;1240;1;10315032356;B
20240508;102422;1240;1;10315032539;B
20240508;102428;1239.8;2;10315033664;B
20240508;102429;1240;1;10315033803;B
20240508;102431;1239.6;2;10315034274;S
20240508;102431;1239.6;1;10315034275;S
20240508;102431;1239.6;18;10315034276;S
20240508;102432;1240;1;10315034481;B
20240508;102435;1239.8;2;10315036339;B
20240508;102435;1239.6;1;10315036376;S
20240508;102437;1239.8;1;10315036916;B
20240508;102439;1239.8;1;10315037308;B
20240508;102439;1239.8;1;10315037311;B
20240508;102447;1240;5;10315039094;B
20240508;102447;1240;1;10315039187;B
20240508;102448;1240;11;10315039268;B
20240508;102448;1240;5;10315039305;B
20240508;102451;1240;3;10315040603;B
20240508;102451;1240;1;10315040604;B
20240508;102451;1240;1;10315040605;B
20240508;102451;1239.6;21;10315040999;S
20240508;102451;1240;72;10315041009;B
20240508;102453;1240;1;10315041634;B
20240508;102454;1239.6;3;10315041749;S
20240508;102455;1240;1;10315041774;B
20240508;102458;1240;1;10315042322;B
20240508;102501;1240;7;10315043503;B
20240508;102501;1240;3;10315043531;B
20240508;102505;1240;4;10315044983;B
20240508;102507;1240;1;10315045169;B
20240508;102509;1240;6;10315045642;B
20240508;102510;1240;15;10315045700;B
20240508;102510;1240;2;10315045714;B
20240508;102511;1240;1;10315045774;B
20240508;102511;1240;1;10315045793;B
20240508;102511;1239.8;21;10315045825;S
20240508;102511;1240;10;10315045842;B
20240508;102512;1240;8;10315046892;B
20240508;102512;1240;1;10315046921;B
20240508;102516;1240;1;10315047959;B
20240508;102519;1240;3;10315048925;B
20240508;102520;1239.8;5;10315049190;S
20240508;102521;1240;28;10315049319;B
20240508;102521;1239.8;3;10315049338;S
20240508;102523;1240;1;10315049939;B
20240508;102524;1240;1;10315050022;B
20240508;102524;1240;100;10315050024;B
20240508;102527;1240;3;10315050945;B
20240508;102528;1240;50;10315051181;B
20240508;102531;1240;1;10315052134;B
20240508;102531;1239.8;1;10315052238;S
20240508;102531;1239.8;20;10315052239;S
20240508;102531;1240;10;10315052698;B
20240508;102535;1240;9;10315053131;B
20240508;102536;1240;2;10315053447;B
20240508;102536;1240;50;10315053474;B
20240508;102537;1240;1;10315054155;B
20240508;102540;1240;1;10315055175;B
20240508;102542;1240;104;10315055347;B
20240508;102542;1240;1;10315055348;B
20240508;102542;1240;100;10315055349;B
20240508;102542;1240;5;10315055350;B
20240508;102542;1240;50;10315055351;B
20240508;102542;1240;1;10315055352;B
20240508;102542;1240;5;10315055353;B
20240508;102542;1240;34;10315055354;B
20240508;102542;1240;1;10315055475;B
20240508;102543;1240;1;10315055808;B
20240508;102543;1240;5;10315055809;B
20240508;102543;1240;1;10315055823;B
20240508;102546;1240;1;10315056659;B
20240508;102546;1240;1;10315056703;B
20240508;102548;1240;15;10315056819;B
20240508;102549;1240;1;10315057366;B
20240508;102549;1240;2;10315057404;B
20240508;102551;1239.8;3;10315057648;S
20240508;102551;1239.8;18;10315057649;S
20240508;102551;1240;50;10315057668;B
20240508;102551;1240;1;10315057669;B
20240508;102552;1240;3;10315057684;B
20240508;102552;1240;1;10315058052;B
20240508;102553;1240;5;10315058080;B
20240508;102554;1240;5;10315058256;B
20240508;102555;1240;927;10315058289;B
20240508;102555;1240;1;10315058290;B
20240508;102555;1240;40;10315058291;B
20240508;102555;1240;32;10315058292;B
20240508;102555;1240;87;10315058322;B
20240508;102556;1239.8;2;10315058394;S
20240508;102556;1240;1;10315058434;B
20240508;102556;1240;1;10315058441;B
20240508;102558;1240;2;10315059967;B
20240508;102559;1239.8;40;10315060331;S
20240508;102600;1240;2;10315060525;B
20240508;102601;1240;2;10315060583;B
20240508;102603;1240;1;10315060739;B
20240508;102603;1240;5;10315060799;B
20240508;102603;1240;2;10315060811;B
20240508;102606;1239.8;1;10315061250;S
20240508;102606;1239.8;4;10315061251;S
20240508;102608;1239.8;1;10315061466;S
20240508;102608;1239.6;1;10315061467;S
20240508;102608;1239.6;10;10315061468;S
20240508;102608;1239.6;1;10315061469;S
20240508;102608;1239.6;26;10315061470;S
20240508;102611;1239.6;21;10315062866;S
20240508;102612;1239.8;8;10315063114;B
20240508;102612;1239.8;1;10315063146;B
20240508;102613;1239.8;1;10315063169;B
20240508;102614;1240;1;10315063391;B
20240508;102616;1240;1855;10315063657;B
20240508;102616;1240;145;10315063658;B
20240508;102617;1239.6;2;10315063884;S
20240508;102618;1240;1;10315063952;B
20240508;102620;1239.6;20;10315064266;S
20240508;102624;1239.6;19;10315064616;S
20240508;102626;1239.6;1;10315064836;S
20240508;102627;1240;20;10315064924;B
20240508;102627;1240;1;10315064932;B
20240508;102628;1239.6;5;10315064961;S
20240508;102628;1239.6;5;10315064962;S
20240508;102628;1239.6;5;10315064963;S
20240508;102630;1239.8;3;10315065150;B
20240508;102631;1239.6;21;10315065294;S
20240508;102635;1239.8;2;10315065814;B
20240508;102635;1240;1;10315065815;B
20240508;102635;1240;2;10315065816;B
20240508;102635;1240;52;10315065817;B
20240508;102635;1240;43;10315065818;B
20240508;102637;1240;50;10315066085;B
20240508;102637;1240;1;10315066349;B
20240508;102642;1239.8;1;10315067029;S
20240508;102643;1240;7;10315067227;B
20240508;102645;1240;62;10315067354;B
20240508;102647;1240;1;10315067562;B
20240508;102648;1239.8;3;10315067593;S
20240508;102648;1239.8;2;10315067594;S
20240508;102649;1240;6;10315067848;B
20240508;102650;1240;5;10315067957;B
20240508;102650;1239.8;1;10315067958;S
20240508;102651;1239.8;21;10315068025;S
20240508;102652;1240;1;10315068160;B
20240508;102652;1240;1;10315068164;B
20240508;102659;1240;5;10315069084;B
20240508;102701;1240;1;10315069305;B
20240508;102702;1239.8;1;10315069580;S
20240508;102702;1239.8;2;10315069581;S
20240508;102703;1240;1;10315069610;B
20240508;102703;1239.8;1;10315069749;S
20240508;102703;1240;2;10315069809;B
20240508;102705;1240;1;10315069978;B
20240508;102705;1240;9;10315070001;B
20240508;102706;1240;4;10315070110;B
20240508;102711;1240;1;10315070965;B
20240508;102711;1239.8;21;10315071022;S
20240508;102712;1239.8;5;10315071317;S
20240508;102713;1240;1;10315071324;B
20240508;102718;1240;5;10315072092;B
20240508;102725;1239.8;20;10315072940;S
20240508;102725;1240;1;10315073079;B
20240508;102728;1240;1;10315073472;B
20240508;102730;1240;8;10315073732;B
20240508;102730;1240;1;10315073804;B
20240508;102731;1239.8;1;10315073897;S
20240508;102731;1239.8;5;10315073898;S
20240508;102731;1239.8;15;10315073899;S
20240508;102732;1239.8;5;10315074104;S
20240508;102735;1240;5;10315074744;B
20240508;102735;1240;1;10315074891;B
20240508;102737;1239.8;3;10315075062;S
20240508;102737;1240;5;10315075069;B
20240508;102739;1240;8;10315075253;B
20240508;102741;1239.8;1;10315075405;S
20240508;102745;1240;1;10315076015;B
20240508;102746;1240;5;10315076105;B
20240508;102746;1239.8;1;10315076126;S
20240508;102750;1240;1;10315076634;B
20240508;102750;1240;6;10315076650;B
20240508;102751;1240;3;10315076693;B
20240508;102751;1239.8;21;10315076709;S
20240508;102754;1240;1;10315077057;B
20240508;102800;1240;1;10315078043;B
20240508;102801;1240;5;10315078084;B
20240508;102801;1240;1;10315078087;B
20240508;102801;1240;9;10315078088;B
20240508;102803;1239.8;54;10315078412;S
20240508;102803;1239.8;1;10315078413;S
20240508;102803;1239.8;80;10315078414;S
20240508;102805;1239.8;3;10315078593;B
20240508;102806;1239.8;1;10315078729;B
20240508;102809;1239.8;1;10315079094;B
20240508;102809;1239.6;4;10315079153;S
20240508;102810;1239.8;1;10315079183;B
20240508;102810;1239.8;1;10315079259;B
20240508;102811;1239.6;21;10315079424;S
20240508;102814;1239.8;8;10315079653;B
20240508;102814;1239.8;50;10315079654;B
20240508;102814;1240;42;10315079655;B
20240508;102815;1240;1;10315079775;B
20240508;102825;1239.8;2;10315080989;S
20240508;102825;1240;65;10315080997;B
20240508;102825;1240;1;10315081109;B
20240508;102825;1240;5;10315081130;B
20240508;102827;1240;1;10315081290;B
20240508;102828;1240;3;10315081315;B
20240508;102829;1240;2;10315081430;B
20240508;102830;1239.8;10;10315081478;S
20240508;102831;1240;4;10315081594;B
20240508;102831;1239.6;21;10315081612;S
20240508;102831;1240;24;10315081621;B
20240508;102835;1240;1;10315082047;B
20240508;102836;1240;174;10315082156;B
20240508;102836;1240;5;10315082157;B
20240508;102836;1240;62;10315082158;B
20240508;102837;1240;1;10315082287;B
20240508;102838;1239.8;2;10315082368;S
20240508;102838;1240;10;10315082395;B
20240508;102843;1240;2;10315082964;B
20240508;102845;1240;1;10315083180;B
20240508;102845;1240;1;10315083299;B
20240508;102850;1240;1;10315083695;B
20240508;102851;1239.8;9;10315083791;S
20240508;102851;1239.8;12;10315083792;S
20240508;102900;1240;1;10315084806;B
20240508;102901;1240;1;10315084860;B
20240508;102906;1240;10;10315085362;B
20240508;102906;1240;3;10315085366;B
20240508;102906;1240;1;10315085371;B
20240508;102910;1240;1;10315085800;B
20240508;102911;1239.6;21;10315085874;S
20240508;102913;1239.8;10;10315085971;B
20240508;102920;1240;1;10315086671;B
20240508;102921;1239.6;1;10315086746;S
20240508;102922;1239.8;14;10315086810;B
20240508;102928;1239.8;3;10315087307;B
20240508;102930;1239.8;1;10315087432;B
20240508;102931;1239.6;5;10315087486;S
20240508;102931;1239.6;11;10315087508;S
20240508;102931;1239.6;5;10315087509;S
20240508;102931;1239.6;5;10315087510;S
20240508;102931;1239.8;1;10315087514;B
20240508;102935;1239.8;1;10315087909;B
20240508;102935;1239.8;1;10315087913;B
20240508;102935;1239.8;1;10315087927;B
20240508;102943;1239.8;1;10315088517;B
20240508;102943;1239.6;3;10315088552;S
20240508;102945;1239.8;1;10315088729;B
20240508;102945;1239.8;1;10315088739;B
20240508;102947;1239.8;9;10315088899;B
20240508;102948;1239.8;2;10315088997;B
20240508;102951;1239.6;6;10315089224;S
20240508;102951;1239.6;15;10315089225;S
20240508;102951;1239.6;1;10315089264;S
20240508;102952;1239.8;1;10315089290;B
20240508;102955;1239.8;1;10315089662;B
20240508;102957;1239.8;46;10315089826;B
20240508;102959;1239.8;1;10315089962;B
20240508;102959;1239.8;50;10315089973;B
20240508;102959;1239.8;1;10315089993;B
20240508;103001;1239.6;10;10315090309;S
20240508;103001;1239.8;2;10315090330;B
20240508;103002;1239.8;1;10315090343;B
20240508;103002;1239.8;2;10315090382;B
20240508;103003;1239.8;1;10315090550;B
20240508;103010;1239.8;1;10315091526;B
20240508;103010;1239.6;10;10315091579;S
20240508;103011;1239.6;21;10315091665;S
20240508;103011;1239.8;2;10315091666;B
20240508;103013;1239.8;2;10315091826;B
20240508;103015;1239.8;1;10315092081;B
20240508;103015;1239.8;1;10315092083;B
20240508;103016;1239.6;2;10315092270;S
20240508;103017;1239.8;5;10315092343;B
20240508;103018;1239.8;3;10315092496;B
20240508;103025;1239.8;1;10315093091;B
20240508;103025;1239.8;1;10315093101;B
20240508;103031;1239.6;21;10315093731;S
20240508;103033;1239.8;7;10315093889;B
20240508;103035;1239.8;1;10315094054;B
20240508;103036;1239.8;7;10315094290;B
20240508;103036;1239.8;5;10315094306;B
20240508;103037;1239.8;4;10315094380;B
20240508;103037;1239.8;1;10315094403;B
20240508;103045;1239.8;1;10315095084;B
20240508;103050;1239.8;40;10315095502;B
20240508;103050;1239.8;1;10315095524;B
20240508;103050;1239.8;8;10315095586;B
20240508;103051;1239.8;1;10315095604;B
20240508;103051;1239.6;21;10315095635;S
20240508;103052;1239.8;1;10315095718;B
20240508;103054;1239.8;3;10315095873;B
20240508;103055;1239.8;20;10315095957;B
20240508;103056;1239.8;1;10315096097;B
20240508;103058;1239.8;1;10315096297;B
20240508;103100;1239.8;1;10315096516;B
20240508;103100;1239.8;2;10315096583;B
20240508;103100;1239.6;2;10315096599;S
20240508;103100;1239.6;1;10315096600;S
20240508;103100;1239.6;1;10315096601;S
20240508;103100;1239.6;6;10315096602;S
20240508;103104;1239.8;4;10315097212;B
20240508;103107;1239.8;10;10315097673;B
20240508;103108;1239.8;1;10315097716;B
20240508;103109;1239.6;156;10315097979;S
20240508;103109;1239.6;1;10315097980;S
20240508;103109;1239.6;1;10315097981;S
20240508;103109;1239.6;87;10315097982;S
20240508;103109;1239.4;96;10315097983;S
20240508;103109;1239.4;8;10315097984;S
20240508;103109;1239.4;5;10315097985;S
20240508;103109;1239.4;80;10315097986;S
20240508;103109;1239.4;53;10315097987;S
20240508;103109;1239.4;9;10315097988;S
20240508;103109;1239.2;4;10315097989;S
20240508;103110;1239.8;2;10315098190;B
20240508;103111;1239.4;21;10315098262;S
20240508;103113;1239.8;1;10315098545;B
20240508;103118;1239.6;1;10315099026;B
20240508;103118;1239.6;1;10315099053;S
20240508;103118;1239.6;9;10315099054;S
20240508;103119;1239.6;3;10315099255;B
20240508;103122;1239.6;1;10315099652;B
20240508;103123;1239.4;2;10315099855;S
20240508;103123;1239.4;5;10315099892;S
20240508;103124;1239.6;100;10315099974;B
20240508;103128;1239.8;3;10315100502;B
20240508;103130;1239.8;46;10315100867;B
20240508;103131;1239.6;1;10315101034;S
20240508;103131;1239.6;7;10315101048;S
20240508;103131;1239.4;14;10315101049;S
20240508;103133;1239.6;2;10315101778;B
20240508;103136;1239.4;9;10315102138;S
20240508;103138;1239.6;20;10315102279;B
20240508;103138;1239.6;5;10315102296;B
20240508;103139;1239.6;1;10315102454;B
20240508;103140;1239.6;1;10315102524;B
20240508;103140;1239.6;1;10315102535;B
20240508;103147;1239.4;1;10315103148;S
20240508;103148;1239.6;5;10315103300;B
20240508;103150;1239.6;1;10315103573;B
20240508;103151;1239.6;52;10315103705;B
20240508;103151;1239.6;75;10315103706;B
20240508;103151;1239.8;196;10315103707;B
20240508;103151;1239.2;20;10315103759;S
20240508;103151;1239.2;1;10315103760;S
20240508;103158;1239.8;1;10315104374;B
20240508;103159;1239.6;1;10315104600;B
20240508;103202;1239.6;3;10315105160;B
20240508;103209;1239.6;2;10315106090;B
20240508;103209;1239.4;7;10315106153;S
20240508;103209;1239.4;3;10315106154;B
20240508;103210;1239.4;1;10315106189;B
20240508;103211;1239.2;5;10315106370;S
20240508;103211;1239.2;13;10315106371;S
20240508;103211;1239.2;1;10315106372;S
20240508;103211;1239.2;1;10315106373;S
20240508;103211;1239.2;1;10315106374;S
20240508;103215;1239.2;1;10315106678;S
20240508;103216;1239.2;8;10315106726;S
20240508;103216;1239.4;93;10315106738;B
20240508;103216;1239.4;7;10315106739;B
20240508;103216;1239.6;44;10315106740;B
20240508;103216;1239.6;56;10315106741;B
20240508;103218;1239.6;2;10315106930;B
20240508;103220;1239.6;1;10315107060;B
20240508;103221;1239.6;1;10315107190;B
20240508;103223;1239.6;17;10315107368;B
20240508;103226;1239.6;86;10315107615;B
20240508;103226;1239.6;14;10315107616;B
20240508;103229;1239.6;2;10315107946;B
20240508;103230;1239.6;1;10315108062;B
20240508;103231;1239.4;1;10315108111;S
20240508;103231;1239.4;20;10315108112;S
20240508;103231;1239.6;8;10315108113;B
20240508;103235;1239.6;99;10315108418;B
20240508;103235;1239.6;1;10315108419;B
20240508;103235;1239.6;2;10315108434;B
20240508;103239;1239.4;3;10315109256;S
20240508;103240;1239.6;1;10315109498;B
20240508;103240;1239.6;1;10315109503;B
20240508;103242;1239.6;2;10315109624;B
20240508;103242;1239.4;5;10315109728;S
20240508;103245;1239.4;2;10315109946;S
20240508;103245;1239.6;1;10315110047;B
20240508;103245;1239.6;1;10315110048;B
20240508;103246;1239.6;2;10315110121;B
20240508;103247;1239.4;7;10315110163;S
20240508;103251;1239.4;21;10315110628;S
20240508;103252;1239.6;1;10315110684;B
20240508;103253;1239.6;20;10315110886;B
20240508;103255;1239.6;1;10315111143;B
20240508;103255;1239.6;1;10315111158;B
20240508;103257;1239.4;52;10315111331;S
20240508;103257;1239.4;97;10315111332;S
20240508;103257;1239.4;2;10315111333;S
20240508;103257;1239.4;162;10315111334;S
20240508;103257;1239.4;57;10315111335;S
20240508;103257;1239.4;1;10315111336;S
20240508;103257;1239.2;71;10315111337;S
20240508;103257;1239.2;45;10315111338;S
20240508;103257;1239.2;100;10315111339;S
20240508;103257;1239.2;61;10315111340;S
20240508;103257;1239;1;10315111341;S
20240508;103257;1239;6;10315111342;S
20240508;103257;1239;1;10315111343;S
