<DATE>;<TIME>;<LAST>;<VOL>;<ID>;<OPER>
20240415;095934;1283.8;1;10112748127;S
20240415;095934;1283.8;4;10112748128;S
20240415;095934;1283.8;3;10112748129;S
20240415;095934;1283.8;1;10112748130;S
20240415;095934;1283.8;1;10112748131;S
20240415;095934;1283.8;3;10112748132;S
20240415;095934;1283.8;5;10112748133;S
20240415;095934;1283.8;1;10112748134;B
20240415;095934;1283.8;9;10112748135;B
20240415;095934;1283.8;6;10112748136;B
20240415;095934;1283.8;3;10112748137;B
20240415;095934;1283.8;2;10112748138;B
20240415;095934;1283.8;1;10112748139;B
20240415;095934;1283.8;1;10112748140;B
20240415;095934;1283.8;37;10112748141;B
20240415;095934;1283.8;1;10112748142;B
20240415;095934;1283.8;262;10112748143;S
20240415;095934;1283.8;5;10112748144;S
20240415;095934;1283.8;4;10112748145;S
20240415;095934;1283.8;8;10112748146;S
20240415;095934;1283.8;10;10112748147;S
20240415;095934;1283.8;7;10112748148;S
20240415;095934;1283.8;4;10112748149;S
20240415;095934;1283.8;4;10112748150;B
20240415;095934;1283.8;32;10112748151;B
20240415;095934;1283.8;1;10112748152;B
20240415;095934;1283.8;5;10112748153;B
20240415;095934;1283.8;9;10112748154;B
20240415;095934;1283.8;1;10112748155;B
20240415;095934;1283.8;1;10112748156;B
20240415;095934;1283.8;14;10112748157;B
20240415;095934;1283.8;90;10112748158;S
20240415;095934;1283.8;10;10112748159;S
20240415;095934;1283.8;1;10112748160;S
20240415;095934;1283.8;1;10112748161;B
20240415;095934;1283.8;1;10112748162;B
20240415;095934;1283.8;76;10112748163;B
20240415;095934;1283.8;1;10112748164;S
20240415;095934;1283.8;100;10112748165;B
20240415;095934;1283.8;23;10112748166;B
20240415;095934;1283.8;77;10112748167;B
20240415;095934;1283.8;200;10112748168;B
20240415;095934;1283.8;50;10112748169;S
20240415;095934;1283.8;1;10112748170;B
20240415;095934;1283.8;10;10112748171;S
20240415;095934;1283.8;12;10112748172;S
20240415;095934;1283.8;30;10112748173;S
20240415;095934;1283.8;2;10112748174;B
20240415;095934;1283.8;1;10112748175;B
20240415;095934;1283.8;1;10112748176;B
20240415;095934;1283.8;1;10112748177;B
20240415;095934;1283.8;3;10112748178;B
20240415;095934;1283.8;1;10112748179;B
20240415;095934;1283.8;1;10112748180;B
20240415;095934;1283.8;3;10112748181;B
20240415;095934;1283.8;1;10112748182;B
20240415;095934;1283.8;1;10112748183;B
20240415;095934;1283.8;3;10112748184;B
20240415;095934;1283.8;10;10112748185;B
20240415;095934;1283.8;1;10112748186;B
20240415;095934;1283.8;3;10112748187;B
20240415;095934;1283.8;1;10112748188;B
20240415;095934;1283.8;3;10112748189;B
20240415;095934;1283.8;1;10112748190;B
20240415;095934;1283.8;496;10112748191;S
20240415;095934;1283.8;53;10112748192;S
20240415;095934;1283.8;74;10112748193;B
20240415;095934;1283.8;74;10112748194;B
20240415;095934;1283.8;3;10112748195;B
20240415;095934;1283.8;11;10112748196;B
20240415;095934;1283.8;3;10112748197;S
20240415;095934;1283.8;10;10112748198;S
20240415;100000;1284;10;10112757435;B
20240415;100000;1284;10;10112757436;B
20240415;100000;1284;10;10112757437;B
20240415;100000;1284.4;7;10112757739;B
20240415;100000;1284.4;1;10112757740;B
20240415;100000;1284.4;4;10112757741;B
20240415;100000;1284.4;1;10112757742;B
20240415;100000;1284.4;2;10112757743;B
20240415;100000;1284.4;1;10112757744;B
20240415;100000;1284.4;55;10112757745;B
20240415;100000;1284.2;1;10112757798;S
20240415;100000;1284.2;1;10112757805;S
20240415;100000;1284.4;1;10112757850;B
20240415;100000;1284.4;55;10112757869;B
20240415;100000;1284.4;4;10112757870;B
20240415;100000;1284.4;2;10112757871;B
20240415;100000;1284.4;42;10112757872;B
20240415;100000;1284.4;1;10112757873;B
20240415;100000;1284.4;3;10112757874;B
20240415;100000;1284.4;4;10112757875;B
20240415;100000;1284.4;2;10112757876;B
20240415;100000;1284.4;5;10112757877;B
20240415;100000;1284.4;1;10112757878;B
20240415;100000;1284.4;1;10112757879;B
20240415;100000;1284.4;1;10112757880;B
20240415;100000;1284.4;3;10112757881;B
20240415;100000;1284.4;3;10112757882;B
20240415;100000;1284.6;28;10112757883;B
20240415;100000;1285;1;10112757884;B
20240415;100000;1286;20;10112757885;B
20240415;100000;1286;1;10112757886;B
20240415;100000;1286.2;185;10112757887;B
20240415;100000;1286.4;1;10112757888;B
20240415;100000;1286.4;37;10112757889;B
20240415;100000;1284.2;3;10112757891;S
20240415;100000;1284.2;93;10112757892;S
20240415;100000;1285.2;3;10112758038;S
20240415;100000;1285.4;1;10112758078;S
20240415;100000;1285.4;40;10112758217;S
20240415;100000;1285.6;140;10112758230;S
20240415;100000;1285;15;10112758420;S
20240415;100001;1285.2;24;10112758500;S
20240415;100001;1285;6;10112758501;S
20240415;100001;1285.4;94;10112758669;B
20240415;100001;1285.4;161;10112758670;B
20240415;100001;1286.2;33;10112758876;S
20240415;100001;1286;5;10112759093;S
20240415;100001;1286;37;10112759094;S
20240415;100001;1286.4;7;10112759144;B
20240415;100002;1286;100;10112759612;S
20240415;100002;1286.2;40;10112759665;B
20240415;100002;1286.4;35;10112759795;B
20240415;100002;1286.4;13;10112759923;B
20240415;100002;1286.6;1;10112759956;B
20240415;100002;1286.6;20;10112759957;B
20240415;100002;1286.6;1;10112760131;B
20240415;100002;1286.2;100;10112760197;S
20240415;100002;1286.8;40;10112760543;B
20240415;100002;1286.8;1;10112760735;B
20240415;100002;1286.8;180;10112760954;B
20240415;100003;1286.6;100;10112761046;S
20240415;100003;1286.6;1;10112761496;S
20240415;100003;1286.6;25;10112761736;S
20240415;100003;1286.8;29;10112761808;B
20240415;100004;1286.8;1;10112762301;B
20240415;100004;1286.8;14;10112762324;B
20240415;100004;1286.8;56;10112762394;B
20240415;100004;1286.8;16;10112762558;B
20240415;100004;1286.8;60;10112762604;B
20240415;100004;1286.6;2;10112762918;S
20240415;100005;1286.8;22;10112763484;B
20240415;100005;1286.8;1;10112763487;B
20240415;100005;1286.8;2;10112763495;B
20240415;100005;1286.8;1;10112763496;B
20240415;100005;1286.8;3;10112763618;B
20240415;100005;1286.8;3;10112763641;B
20240415;100005;1286.8;37;10112763665;B
20240415;100005;1286.8;37;10112763700;B
20240415;100005;1286.8;57;10112764316;B
20240415;100005;1286.8;57;10112764363;B
20240415;100005;1286.8;1;10112765030;B
20240415;100005;1286.6;2;10112765050;S
20240415;100005;1286.8;1;10112765057;B
20240415;100005;1286.8;1;10112765064;B
20240415;100005;1286.8;1;10112765069;B
20240415;100005;1286.8;30;10112765075;B
20240415;100005;1286.8;1;10112765076;B
20240415;100005;1286.6;1;10112765082;S
20240415;100006;1286.8;2;10112766155;B
20240415;100006;1286.8;1;10112766156;B
20240415;100006;1286.8;1;10112766162;B
20240415;100006;1286.8;1;10112766165;B
20240415;100006;1286.8;1;10112766170;B
20240415;100006;1286.6;1;10112766174;S
20240415;100006;1286.8;1;10112766177;B
20240415;100006;1286.8;2;10112766180;B
20240415;100006;1286.6;1;10112766187;S
20240415;100006;1286.8;1;10112766195;B
20240415;100006;1286.6;1;10112767773;S
20240415;100006;1286.8;1;10112767774;B
20240415;100006;1286.8;5;10112767775;B
20240415;100006;1286.8;1;10112767776;B
20240415;100006;1286.8;1;10112767777;B
20240415;100006;1286.8;1;10112767778;B
20240415;100006;1286.8;1;10112768212;B
20240415;100006;1286.8;8;10112768221;B
20240415;100006;1286.8;1;10112768266;B
20240415;100006;1286.8;1;10112768276;B
20240415;100006;1286.8;8;10112768292;B
20240415;100007;1286.8;1;10112769279;B
20240415;100007;1286.6;1;10112769284;S
20240415;100007;1286.8;1;10112769291;B
20240415;100007;1286.8;2;10112769292;B
20240415;100007;1286.8;1;10112769293;B
20240415;100007;1286.8;1;10112769294;B
20240415;100007;1286.8;4;10112769295;B
20240415;100007;1286.8;2;10112769298;B
20240415;100007;1286.8;1;10112769303;B
20240415;100007;1286.8;1;10112769449;B
20240415;100007;1286.8;5;10112769738;B
20240415;100007;1286.8;1;10112769758;B
20240415;100007;1286.6;1;10112769762;S
20240415;100007;1286.8;3;10112769766;B
20240415;100007;1286.8;1;10112770030;B
20240415;100007;1286.6;497;10112770337;S
20240415;100007;1286.6;3;10112770338;S
20240415;100007;1286.8;3;10112770792;B
20240415;100007;1286.6;1;10112770795;S
20240415;100007;1286.6;1;10112770801;S
20240415;100007;1286.8;1;10112770802;B
20240415;100007;1286.8;5;10112770807;B
20240415;100007;1286.8;1;10112770812;B
20240415;100007;1286.8;10;10112770816;B
20240415;100007;1286.8;1;10112770821;B
20240415;100007;1286.8;1;10112770823;B
20240415;100007;1286.8;1;10112770827;B
20240415;100007;1286.6;1;10112770833;S
20240415;100007;1286.8;1;10112770839;B
20240415;100007;1286.8;1;10112770876;B
20240415;100008;1286.8;13;10112771186;B
20240415;100008;1286.6;1;10112771199;S
20240415;100008;1286.8;9;10112771201;B
20240415;100008;1286.6;1;10112771205;S
20240415;100008;1286.8;2;10112771206;B
20240415;100008;1286.6;1;10112771207;S
20240415;100008;1286.8;24;10112771214;B
20240415;100008;1286.8;7;10112771767;B
20240415;100008;1286.8;1;10112771768;B
20240415;100008;1286.8;1;10112772008;B
20240415;100008;1286.8;3;10112772009;B
20240415;100008;1286.8;1;10112772010;B
20240415;100008;1286.8;1;10112772011;B
20240415;100008;1286.8;2;10112772012;B
20240415;100008;1286.6;1;10112772013;S
20240415;100008;1286.8;150;10112772014;B
20240415;100008;1286.8;47;10112772021;B
20240415;100008;1286.8;1;10112772022;B
20240415;100008;1286.8;5;10112772023;B
20240415;100008;1287;10;10112772033;B
20240415;100008;1287;74;10112772034;B
20240415;100008;1286.8;1;10112772697;S
20240415;100008;1286.8;1;10112772698;S
20240415;100008;1287;1;10112772701;B
20240415;100008;1287;1;10112772708;B
20240415;100009;1287;1;10112773841;B
20240415;100009;1286.8;37;10112773859;S
20240415;100009;1287;4;10112773871;B
20240415;100009;1287;2;10112773880;B
20240415;100009;1287;1;10112773890;B
20240415;100009;1286.8;1;10112773898;S
20240415;100009;1287;100;10112774329;B
20240415;100009;1287;21;10112774330;B
20240415;100009;1287;10;10112774331;B
20240415;100009;1287;7;10112774332;B
20240415;100009;1287;1;10112774337;B
20240415;100009;1287;1;10112774712;B
20240415;100009;1286.8;1;10112774803;S
20240415;100009;1287;5;10112774961;B
20240415;100009;1286.8;1;10112775730;S
20240415;100009;1287;1;10112775734;B
20240415;100009;1286.8;52;10112775863;S
20240415;100009;1286.8;216;10112775864;S
20240415;100009;1286.6;207;10112775865;S
20240415;100009;1286.6;25;10112775866;S
20240415;100010;1287;1;10112776307;B
20240415;100010;1287;1;10112776497;B
20240415;100010;1286.6;3;10112776501;S
20240415;100010;1286.6;1;10112776560;S
20240415;100010;1287;1;10112776562;B
20240415;100010;1287;15;10112776563;B
20240415;100010;1287;1;10112776569;B
20240415;100010;1286.8;1;10112776960;S
20240415;100010;1287;2;10112776976;B
20240415;100010;1286.8;1;10112776977;S
20240415;100010;1286.8;1;10112776989;S
20240415;100010;1286.8;29;10112776992;S
20240415;100010;1287;2;10112776993;B
20240415;100010;1286.8;1;10112777007;S
20240415;100010;1286.8;1;10112777010;S
20240415;100010;1287;1;10112777019;B
20240415;100010;1286.8;20;10112777030;S
20240415;100010;1287;1;10112777643;B
20240415;100010;1286.8;1;10112777645;S
20240415;100010;1287;1;10112777658;B
20240415;100010;1286.6;15;10112777667;S
20240415;100010;1286.6;1;10112778277;S
20240415;100012;1286.8;10;10112780523;S
20240415;100012;1287;99;10112780960;B
20240415;100012;1286.8;1;10112780981;S
20240415;100012;1287;1;10112780982;B
20240415;100012;1286.8;1;10112780994;S
20240415;100012;1286.8;1;10112780995;S
20240415;100012;1287;1;10112780996;B
20240415;100012;1287;3;10112780997;B
20240415;100012;1286.8;12;10112781758;S
20240415;100012;1286.8;15;10112781768;S
20240415;100013;1287;19;10112782025;B
20240415;100013;1286.8;1;10112782050;S
20240415;100013;1287;4;10112782162;B
20240415;100013;1287;5;10112782220;B
20240415;100013;1286.8;12;10112782366;S
20240415;100014;1287;3;10112782534;B
20240415;100014;1286.8;3;10112782607;S
20240415;100014;1286.8;39;10112782612;S
20240415;100014;1287;6;10112782735;B
20240415;100014;1287;3;10112782977;B
20240415;100014;1287;13;10112782978;B
20240415;100014;1287.4;1;10112782979;B
20240415;100014;1287.8;15;10112782980;B
20240415;100014;1287.6;108;10112783041;B
20240415;100014;1287.6;114;10112783071;B
20240415;100014;1287.6;57;10112783079;B
20240415;100014;1287.6;57;10112783094;B
20240415;100014;1287.8;18;10112783180;B
20240415;100014;1287.8;77;10112783186;B
20240415;100014;1287.8;25;10112783211;B
20240415;100014;1287.8;29;10112783233;B
20240415;100015;1288;1;10112783354;B
20240415;100015;1288;7;10112783501;B
20240415;100015;1288;9;10112783502;B
20240415;100015;1288;1;10112783503;B
20240415;100015;1288;1;10112783504;B
20240415;100015;1288;52;10112783505;B
20240415;100015;1288;20;10112783649;B
20240415;100016;1288;128;10112784036;B
20240415;100016;1288;22;10112784037;B
20240415;100016;1288;5;10112784132;B
20240415;100016;1288;9;10112784172;B
20240415;100017;1288;64;10112784229;B
20240415;100017;1288.2;1;10112784230;B
20240415;100017;1288.2;4;10112784231;B
20240415;100017;1288.2;333;10112784232;B
20240415;100017;1288.4;5;10112784233;B
20240415;100017;1288.4;593;10112784234;B
20240415;100017;1288.4;73;10112784238;B
20240415;100017;1288.4;11;10112784241;B
20240415;100017;1288.4;11;10112784263;B
20240415;100017;1288.4;5;10112784436;B
20240415;100017;1288.4;5;10112784558;B
20240415;100017;1288.4;12;10112784665;B
20240415;100017;1288.4;5;10112784690;B
20240415;100017;1288.4;12;10112784691;B
20240415;100017;1288.4;5;10112784814;B
20240415;100018;1288.2;6;10112784963;S
20240415;100019;1288.4;1;10112785282;B
20240415;100019;1288.4;50;10112785640;B
20240415;100020;1288;10;10112786054;S
20240415;100022;1288.4;5;10112786616;B
20240415;100022;1288.4;5;10112786617;B
20240415;100022;1288.2;5;10112786669;S
20240415;100023;1288.4;11;10112787126;B
20240415;100023;1288.4;38;10112787187;B
20240415;100024;1288.4;30;10112787439;B
20240415;100024;1288.4;5;10112787561;B
20240415;100024;1288.4;200;10112787562;B
20240415;100025;1288.4;200;10112787703;B
20240415;100026;1288.4;5;10112788075;B
20240415;100027;1288.4;1;10112788412;B
20240415;100028;1288.4;5;10112788772;B
20240415;100029;1288.4;10;10112789084;B
20240415;100029;1288.2;5;10112789236;S
20240415;100030;1288.4;429;10112789444;B
20240415;100030;1288.4;1;10112789445;B
20240415;100030;1288.4;10;10112789446;B
20240415;100030;1288.6;10;10112789447;B
20240415;100030;1288.6;90;10112789448;B
20240415;100030;1288.6;1;10112789449;B
20240415;100030;1288.8;20;10112789450;B
20240415;100030;1288.8;20;10112789451;B
20240415;100030;1288.8;10;10112789452;B
20240415;100030;1288.8;1;10112789453;B
20240415;100030;1289;1;10112789454;B
20240415;100030;1289;20;10112789455;B
20240415;100030;1289;50;10112789456;B
20240415;100030;1289;100;10112789457;B
20240415;100030;1289;139;10112789458;B
20240415;100030;1289.4;1;10112789459;B
20240415;100030;1289.4;1;10112789460;B
20240415;100030;1289.4;95;10112789461;B
20240415;100030;1289.4;600;10112789462;B
20240415;100030;1289.8;10;10112789463;B
20240415;100030;1289.8;10;10112789464;B
20240415;100030;1289.8;20;10112789465;B
20240415;100030;1289.8;100;10112789466;B
20240415;100030;1289.8;156;10112789467;B
20240415;100030;1290;10;10112789468;B
20240415;100030;1290;1;10112789469;B
20240415;100030;1290;1;10112789470;B
20240415;100030;1290;3;10112789471;B
20240415;100030;1290;4;10112789472;B
20240415;100030;1290;1000;10112789473;B
20240415;100030;1290;1;10112789474;B
20240415;100030;1290;11;10112789475;B
20240415;100030;1290;1;10112789476;B
20240415;100030;1290;1;10112789477;B
20240415;100030;1290;101;10112789478;B
20240415;100030;1290;3;10112789479;B
20240415;100030;1290;17;10112789480;B
20240415;100030;1290;1951;10112789481;B
20240415;100030;1290;1;10112789507;B
20240415;100030;1290;35;10112789617;B
20240415;100030;1289.8;11;10112789618;S
20240415;100030;1289.4;1;10112789652;S
20240415;100030;1289.2;250;10112789698;S
20240415;100030;1289.2;139;10112789754;S
20240415;100030;1289;12;10112789755;S
20240415;100030;1288.8;149;10112789756;S
20240415;100031;1289.4;10;10112789763;B
20240415;100031;1289;1;10112789777;S
20240415;100031;1289.2;100;10112789830;B
20240415;100031;1289.4;2;10112789898;B
20240415;100031;1289;5;10112789905;S
20240415;100032;1289.2;7;10112790060;S
20240415;100033;1289.4;100;10112790596;B
20240415;100033;1289.6;100;10112790597;B
20240415;100033;1289.6;28;10112790598;B
20240415;100034;1289.2;96;10112790997;S
20240415;100036;1289.6;3;10112791453;B
20240415;100036;1289.6;1;10112791662;B
20240415;100036;1289.2;1;10112791692;S
20240415;100036;1289.4;3;10112791774;B
20240415;100037;1289.2;3;10112791849;S
20240415;100038;1289.4;14;10112792190;B
20240415;100038;1289.2;196;10112792230;S
20240415;100039;1289.2;1;10112792599;B
20240415;100039;1289.2;6;10112792603;B
20240415;100040;1289;1;10112792778;S
20240415;100040;1289;93;10112792779;S
20240415;100040;1289;2;10112792980;B
20240415;100040;1288.6;1;10112793011;S
20240415;100041;1288.6;1;10112793148;S
20240415;100041;1288.6;1;10112793158;S
20240415;100042;1288.6;1;10112793452;S
20240415;100042;1288.8;19;10112793639;B
20240415;100042;1289;81;10112793640;B
20240415;100042;1288.8;1;10112793700;B
20240415;100043;1288.6;296;10112793772;S
20240415;100043;1288.6;4;10112793773;S
20240415;100044;1288.8;12;10112794100;B
20240415;100044;1289;1;10112794101;B
20240415;100044;1289;67;10112794102;B
20240415;100044;1288.8;16;10112794314;B
20240415;100044;1289;13;10112794315;B
20240415;100045;1289;10;10112794420;B
20240415;100045;1289;1;10112794649;B
20240415;100045;1289;5;10112794718;B
20240415;100046;1289;65;10112794782;B
20240415;100046;1289;63;10112794783;B
20240415;100046;1289;6;10112794844;B
20240415;100046;1289;15;10112794908;B
20240415;100046;1288.8;38;10112794948;S
20240415;100046;1288.8;13;10112794949;S
20240415;100046;1288.6;94;10112795032;B
20240415;100046;1288.6;93;10112795033;B
20240415;100046;1288.8;71;10112795034;B
20240415;100046;1288.8;139;10112795035;B
20240415;100046;1289;156;10112795036;B
20240415;100046;1289.2;177;10112795037;B
20240415;100047;1289;1;10112795415;B
20240415;100048;1288.4;4;10112795448;S
20240415;100048;1289;3;10112795712;B
20240415;100048;1289;1;10112795789;B
20240415;100050;1289;1;10112796203;B
20240415;100050;1289;1;10112796245;B
20240415;100050;1289;1;10112796331;B
20240415;100051;1288.4;1;10112796728;S
20240415;100051;1289;2;10112796954;B
20240415;100051;1289;2;10112796994;B
20240415;100051;1288.8;1;10112797099;S
20240415;100052;1289;10;10112797427;B
20240415;100052;1289;1;10112797471;B
20240415;100054;1289;30;10112798007;B
20240415;100056;1289;10;10112798578;B
20240415;100056;1289;5;10112798585;B
20240415;100057;1288.8;19;10112798854;S
20240415;100057;1289;5;10112798905;B
20240415;100057;1289;11;10112799148;B
20240415;100058;1288.4;5;10112799307;S
20240415;100058;1288.2;2;10112799333;S
20240415;100058;1288.8;10;10112799499;B
20240415;100058;1288.8;50;10112799519;B
20240415;100100;1288.6;27;10112800094;B
20240415;100100;1288.6;1;10112800134;B
20240415;100102;1288.8;30;10112800579;B
20240415;100102;1288.2;231;10112800752;S
20240415;100103;1288.2;5;10112800870;S
20240415;100103;1288.2;7;10112800912;S
20240415;100103;1288.2;1;10112800984;S
20240415;100104;1288.6;51;10112801116;B
20240415;100104;1288.8;156;10112801117;B
20240415;100104;1289;21;10112801118;B
20240415;100105;1288.8;5;10112801364;B
20240415;100105;1288.8;76;10112801383;B
20240415;100106;1288.6;8;10112801711;B
20240415;100108;1288.6;1;10112802162;B
20240415;100111;1288.4;3;10112802986;B
20240415;100113;1288.2;20;10112803573;S
20240415;100113;1288.4;6;10112803684;B
20240415;100115;1288.6;15;10112804291;B
20240415;100119;1288.2;35;10112805353;S
20240415;100120;1288.4;7;10112805650;B
20240415;100122;1288.2;1;10112806180;S
20240415;100122;1288.2;20;10112806344;S
20240415;100123;1288.4;24;10112806617;B
20240415;100125;1288.4;37;10112807130;B
20240415;100127;1288.4;139;10112807505;B
20240415;100127;1288.4;50;10112807506;B
20240415;100127;1288.6;429;10112807507;B
20240415;100127;1288.6;94;10112807508;B
20240415;100127;1288.8;188;10112807509;B
20240415;100127;1288.8;4;10112807556;B
20240415;100128;1288.8;2;10112807820;B
20240415;100128;1288.8;40;10112807883;B
20240415;100128;1288.6;94;10112807921;S
20240415;100128;1288.6;139;10112807922;S
20240415;100128;1288.6;50;10112807923;S
20240415;100129;1288.6;10;10112808333;B
20240415;100130;1288.6;1;10112808536;B
20240415;100132;1288.4;3;10112809056;S
20240415;100132;1288.4;20;10112809168;S
20240415;100132;1288.6;38;10112809208;B
20240415;100134;1288.4;70;10112809544;S
20240415;100134;1288.4;10;10112809545;S
20240415;100134;1288.2;11;10112809546;S
20240415;100134;1288.2;3;10112809547;S
20240415;100134;1288.2;49;10112809548;S
20240415;100134;1288.6;120;10112809671;B
20240415;100135;1288.6;100;10112809720;B
20240415;100137;1288.4;37;10112810367;B
20240415;100137;1288.4;23;10112810368;B
20240415;100137;1288.4;2;10112810393;B
20240415;100139;1288.4;35;10112810721;B
20240415;100139;1288.4;36;10112810752;B
20240415;100139;1288.6;14;10112810753;B
20240415;100140;1288.4;1;10112810968;S
20240415;100140;1288.6;1;10112811037;B
20240415;100142;1288.4;19;10112811577;S
20240415;100142;1288.4;1;10112811578;S
20240415;100142;1288.2;56;10112811579;S
20240415;100144;1288.4;94;10112812092;S
20240415;100144;1288.2;156;10112812093;S
20240415;100144;1288.2;100;10112812094;S
20240415;100144;1288;1;10112812095;S
20240415;100144;1288;10;10112812096;S
20240415;100144;1288;12;10112812097;S
20240415;100144;1288;2;10112812098;S
20240415;100144;1288;225;10112812099;S
20240415;100145;1288;10;10112812164;S
20240415;100145;1288;10;10112812186;S
20240415;100145;1288;10;10112812217;S
20240415;100145;1288;10;10112812247;S
20240415;100145;1288;10;10112812277;S
20240415;100145;1288;10;10112812459;S
20240415;100145;1288;10;10112812502;S
20240415;100145;1288;10;10112812542;S
20240415;100145;1288;10;10112812587;S
20240415;100145;1288;10;10112812633;S
20240415;100146;1288;10;10112812676;S
20240415;100146;1288;10;10112812699;S
20240415;100146;1288;10;10112812714;S
20240415;100146;1288;10;10112812737;S
20240415;100146;1288;10;10112812805;S
20240415;100146;1288.4;1;10112812810;B
20240415;100146;1288;10;10112812829;S
20240415;100146;1288;10;10112812871;S
20240415;100146;1288;10;10112812907;S
20240415;100146;1288;10;10112812934;S
20240415;100146;1288;10;10112812969;S
20240415;100147;1288;10;10112813046;S
20240415;100147;1288;10;10112813061;S
20240415;100147;1288;10;10112813085;S
20240415;100147;1288;10;10112813122;S
20240415;100147;1288.4;17;10112813125;B
20240415;100147;1288;10;10112813160;S
20240415;100147;1288;10;10112813194;S
20240415;100147;1288;10;10112813245;S
20240415;100147;1288;10;10112813282;S
20240415;100147;1288;10;10112813311;S
20240415;100147;1288;5;10112813329;S
20240415;100148;1288;315;10112813386;S
20240415;100148;1288;500;10112813387;S
20240415;100148;1288;10;10112813388;S
20240415;100148;1287.8;2;10112813389;S
20240415;100148;1287.8;5;10112813390;S
20240415;100148;1287.8;23;10112813391;S
20240415;100148;1287.8;116;10112813392;S
20240415;100148;1287.6;24;10112813394;S
20240415;100148;1287.8;156;10112813544;B
20240415;100148;1287.8;19;10112813545;B
20240415;100149;1287.4;15;10112813611;S
20240415;100149;1287.2;93;10112813612;S
20240415;100149;1287;1;10112813613;S
20240415;100149;1287;43;10112813614;S
20240415;100149;1287.8;6;10112813763;B
20240415;100150;1287.8;2;10112813956;B
20240415;100151;1287.6;5;10112814354;B
20240415;100151;1287.8;67;10112814355;B
20240415;100151;1287.8;29;10112814356;B
20240415;100153;1287.8;29;10112814839;B
20240415;100154;1287.8;5;10112815196;B
20240415;100155;1287.8;5;10112815381;B
20240415;100157;1287.8;1;10112815827;B
20240415;100157;1287.8;1;10112815896;B
20240415;100158;1287.8;86;10112816256;B
20240415;100158;1287.8;14;10112816257;B
20240415;100201;1287.6;51;10112816995;B
20240415;100201;1287.6;3;10112816996;S
20240415;100201;1287.2;1;10112817160;S
20240415;100202;1288;23;10112817391;B
20240415;100206;1287.8;1;10112818460;B
20240415;100207;1288;80;10112818614;B
20240415;100208;1288;245;10112818830;B
20240415;100208;1288;15;10112818847;B
20240415;100210;1287.6;29;10112819240;S
20240415;100210;1287.6;10;10112819242;S
20240415;100212;1287.8;3;10112819811;B
20240415;100212;1288;1;10112819851;B
20240415;100213;1288;10;10112819884;B
20240415;100216;1288;3;10112820600;B
20240415;100217;1287.8;2;10112820984;S
20240415;100217;1287.8;1;10112820985;S
20240415;100217;1287.8;59;10112820986;S
20240415;100218;1287.8;1;10112821081;B
20240415;100218;1287.8;1;10112821115;B
20240415;100219;1288;50;10112821273;B
20240415;100219;1287.6;2;10112821373;S
20240415;100219;1287.6;38;10112821374;S
20240415;100220;1287.8;1;10112821628;B
20240415;100221;1287.8;5;10112821706;B
20240415;100221;1287.8;1;10112821794;S
20240415;100221;1287.8;9;10112821795;S
20240415;100221;1287.8;60;10112821796;S
20240415;100221;1287.8;2;10112821840;B
20240415;100222;1287.8;1;10112822202;B
20240415;100222;1287.4;3;10112822216;S
20240415;100222;1287.4;60;10112822217;S
20240415;100222;1287.2;13;10112822218;S
20240415;100224;1287.8;10;10112822465;B
20240415;100224;1287.6;10;10112822569;S
20240415;100224;1287.6;60;10112822570;S
20240415;100226;1287.6;15;10112822889;B
20240415;100226;1287.8;1;10112822902;B
20240415;100226;1287.8;2;10112823072;B
20240415;100228;1287.2;2;10112823517;S
20240415;100228;1287.2;7;10112823518;S
20240415;100228;1287.4;94;10112823521;B
20240415;100228;1287.4;50;10112823522;B
20240415;100228;1287.6;139;10112823523;B
20240415;100228;1287.8;78;10112823524;B
20240415;100228;1287.8;10;10112823525;B
20240415;100228;1287.8;29;10112823526;B
20240415;100228;1287.8;67;10112823610;B
20240415;100228;1288;188;10112823611;B
20240415;100229;1288;100;10112823714;B
20240415;100229;1288;1;10112823746;B
20240415;100231;1287.6;1;10112824300;S
20240415;100231;1287.6;9;10112824301;S
20240415;100232;1288;10;10112824401;B
20240415;100232;1288;3;10112824406;B
20240415;100233;1288;1;10112824834;B
20240415;100233;1288;4;10112824857;B
20240415;100236;1288;1;10112825544;B
20240415;100237;1287.8;1;10112825915;S
20240415;100238;1287.8;1;10112826070;S
20240415;100238;1287.8;29;10112826071;S
20240415;100239;1288;1;10112826387;B
20240415;100240;1288;2;10112826560;B
20240415;100240;1288;1;10112826647;B
20240415;100241;1287.8;5;10112826732;S
20240415;100242;1288;3;10112827025;B
20240415;100243;1288;1;10112827116;B
20240415;100243;1288;1;10112827228;B
20240415;100244;1287.6;1;10112827420;S
20240415;100244;1288;100;10112827547;B
20240415;100245;1288;1;10112827687;B
20240415;100246;1288;3;10112828071;B
20240415;100247;1287.6;3;10112828441;S
20240415;100247;1287.6;2;10112828442;S
20240415;100247;1288;25;10112828594;B
20240415;100248;1288;2;10112828813;B
20240415;100248;1288;49;10112828838;B
20240415;100248;1287.4;1;10112828844;S
20240415;100249;1288;159;10112829006;B
20240415;100249;1288;12;10112829007;B
20240415;100249;1288;2;10112829008;B
20240415;100249;1288;10;10112829009;B
20240415;100249;1288;2;10112829010;B
20240415;100249;1288;44;10112829011;B
20240415;100249;1288;100;10112829012;B
20240415;100249;1288;471;10112829013;B
20240415;100251;1287.8;1;10112829525;S
20240415;100251;1287.8;4;10112829526;S
20240415;100252;1288;2;10112829836;B
20240415;100257;1287.8;56;10112830866;S
20240415;100257;1287.8;30;10112830867;S
20240415;100257;1287.8;20;10112830897;B
20240415;100258;1287.8;418;10112831054;B
20240415;100301;1287.8;2;10112831680;B
20240415;100301;1287.8;1;10112831791;B
20240415;100302;1287.8;23;10112831967;B
20240415;100303;1287.6;2;10112832238;B
20240415;100304;1287.8;17;10112832384;B
20240415;100304;1287.4;1;10112832514;S
20240415;100305;1287.4;1;10112832628;S
20240415;100305;1287.4;1;10112832691;S
20240415;100305;1287.8;7;10112832822;B
20240415;100306;1287.8;11;10112832879;B
20240415;100306;1287.8;29;10112833025;B
20240415;100307;1287.8;2;10112833131;B
20240415;100309;1287.8;5;10112833593;B
20240415;100309;1287.8;11;10112833716;B
20240415;100309;1287.4;10;10112833751;S
20240415;100310;1287.8;1;10112833996;B
20240415;100313;1287.8;1;10112834610;B
20240415;100315;1287.8;15;10112835191;B
20240415;100317;1287.8;25;10112835802;B
20240415;100318;1287.4;1;10112836140;S
20240415;100318;1287.6;57;10112836195;B
20240415;100321;1287.6;43;10112836701;B
20240415;100321;1287.8;157;10112836702;B
20240415;100321;1287.8;190;10112836715;B
20240415;100321;1287.8;1;10112836757;B
20240415;100322;1287.8;57;10112836925;B
20240415;100322;1287.8;57;10112836929;B
20240415;100323;1287.8;27;10112837146;B
20240415;100323;1287.8;1;10112837231;B
20240415;100324;1287.6;1;10112837482;B
20240415;100327;1287.8;33;10112838117;B
20240415;100328;1287.6;1;10112838388;B
20240415;100329;1287.6;19;10112838697;B
20240415;100329;1287.6;2;10112838769;B
20240415;100330;1287.6;15;10112838784;B
20240415;100330;1287.4;5;10112839006;S
20240415;100330;1287.6;1;10112839022;B
20240415;100331;1287.6;3;10112839337;B
20240415;100334;1287.4;24;10112840018;S
20240415;100336;1287.6;20;10112840331;B
20240415;100338;1287.6;1;10112840991;B
20240415;100338;1287.6;1;10112840992;B
20240415;100338;1287.8;48;10112840993;B
20240415;100340;1287.8;1;10112841392;B
20240415;100341;1287.6;10;10112841577;S
20240415;100342;1287.6;1;10112841897;S
20240415;100342;1287.8;10;10112841995;B
20240415;100345;1287.6;9;10112842618;S
20240415;100345;1287.6;17;10112842643;S
20240415;100346;1287.8;6;10112843063;B
20240415;100348;1287.8;650;10112843392;B
20240415;100348;1287.8;20;10112843411;B
20240415;100348;1287.8;40;10112843412;B
20240415;100348;1287.8;2;10112843605;B
20240415;100348;1287.6;33;10112843669;S
20240415;100348;1287.6;94;10112843670;S
20240415;100348;1287.6;53;10112843671;S
20240415;100348;1287.4;8;10112843672;S
20240415;100348;1287.4;17;10112843673;S
20240415;100350;1287.6;94;10112844259;S
20240415;100350;1287.6;6;10112844260;S
20240415;100353;1287.6;4;10112844956;S
20240415;100355;1287.8;2;10112845332;B
20240415;100357;1287.8;4;10112845856;B
20240415;100357;1287.8;1;10112845881;B
20240415;100358;1287.6;56;10112846078;S
20240415;100358;1287.6;1;10112846079;S
20240415;100358;1287.6;43;10112846080;S
20240415;100358;1287.8;4;10112846217;B
20240415;100359;1287.8;17;10112846371;B
20240415;100359;1287.8;3;10112846372;B
20240415;100359;1287.8;1;10112846429;B
20240415;100359;1287.8;35;10112846581;B
20240415;100400;1287.8;10;10112846818;B
20240415;100401;1287.8;30;10112847041;B
20240415;100401;1287.8;175;10112847194;B
20240415;100401;1287.8;42;10112847195;B
20240415;100401;1287.8;10;10112847269;B
20240415;100402;1287.6;4;10112847472;S
20240415;100402;1287.6;60;10112847473;S
20240415;100402;1287.6;2;10112847474;S
20240415;100402;1287.6;1;10112847475;S
20240415;100404;1287.6;175;10112847925;B
20240415;100404;1287.6;59;10112847955;B
20240415;100405;1287.6;30;10112848225;B
20240415;100406;1287.6;57;10112848433;B
20240415;100406;1287.6;57;10112848485;B
20240415;100406;1287.6;50;10112848627;B
20240415;100408;1287.6;4;10112849005;B
20240415;100412;1287.4;156;10112849957;S
20240415;100412;1287.4;1;10112849958;S
20240415;100412;1287.4;43;10112849959;S
20240415;100413;1287.6;5;10112850266;B
20240415;100413;1287.6;10;10112850340;B
20240415;100413;1287.6;7;10112850373;B
20240415;100416;1287.6;40;10112851017;B
20240415;100417;1287.6;439;10112851342;B
20240415;100417;1287.6;5;10112851343;B
20240415;100417;1287.6;79;10112851344;B
20240415;100417;1287.8;388;10112851345;B
20240415;100417;1287.8;2;10112851346;B
20240415;100417;1287.8;106;10112851347;B
20240415;100417;1287.8;28;10112851348;B
20240415;100417;1287.8;40;10112851349;B
20240415;100417;1287.8;54;10112851350;B
20240415;100417;1288;359;10112851351;B
20240415;100418;1288;3;10112851775;B
20240415;100418;1287.8;1;10112851816;S
20240415;100419;1288;1;10112851846;B
20240415;100419;1288;164;10112851934;B
20240415;100419;1288;56;10112851935;B
20240415;100419;1288;233;10112851936;B
20240415;100419;1288;12;10112851937;B
20240415;100419;1288;2;10112851938;B
20240415;100419;1288;59;10112851939;B
20240415;100419;1288.2;2;10112851940;B
20240415;100419;1288.2;5;10112851941;B
20240415;100419;1288.2;54;10112851942;B
20240415;100419;1288.4;20;10112851943;B
20240415;100419;1288.4;93;10112851944;B
20240415;100419;1288.4;1;10112851945;B
20240415;100419;1288.4;9;10112851946;B
20240415;100421;1288.4;1;10112852362;B
20240415;100421;1288.6;100;10112852363;B
20240415;100421;1288.6;4;10112852364;B
20240415;100421;1288.6;93;10112852365;B
20240415;100421;1288.6;102;10112852366;B
20240415;100423;1288.2;12;10112852968;S
20240415;100423;1288.2;69;10112852969;S
20240415;100424;1288.4;94;10112853422;S
20240415;100424;1288.4;60;10112853423;S
20240415;100424;1288.2;53;10112853424;S
20240415;100424;1288;156;10112853425;S
20240415;100424;1288;12;10112853426;S
20240415;100424;1287.8;1;10112853427;S
20240415;100424;1287.8;1;10112853428;S
20240415;100424;1287.8;220;10112853429;S
20240415;100424;1287.8;97;10112853430;S
20240415;100430;1288.2;20;10112854927;B
20240415;100433;1288;5;10112855387;S
20240415;100435;1288.4;1;10112855867;B
20240415;100435;1288.4;10;10112855889;B
20240415;100438;1288;2;10112856594;S
20240415;100439;1288.4;1;10112856792;B
20240415;100439;1288.6;29;10112856793;B
20240415;100439;1288;20;10112856870;S
20240415;100440;1288.6;100;10112856933;B
20240415;100443;1288.4;13;10112857558;B
20240415;100444;1288.4;1;10112857785;B
20240415;100445;1288;2;10112858165;S
20240415;100446;1288.2;23;10112858927;S
20240415;100446;1288.4;6;10112858964;B
20240415;100446;1288.4;6;10112858986;B
20240415;100447;1288.2;10;10112859192;S
20240415;100448;1288.4;14;10112859573;B
20240415;100450;1288.4;2;10112860072;B
20240415;100451;1288.2;50;10112860386;S
20240415;100452;1288.4;8;10112860436;B
20240415;100452;1288.4;52;10112860437;B
20240415;100452;1288.6;12;10112860438;B
20240415;100452;1288.6;100;10112860439;B
20240415;100452;1288.6;30;10112860440;B
20240415;100452;1288.8;1;10112860572;B
20240415;100453;1288.6;115;10112860652;S
20240415;100453;1288.4;13;10112860653;S
20240415;100453;1288.2;20;10112860654;S
20240415;100453;1288.2;46;10112860655;S
20240415;100453;1288.2;52;10112860656;S
20240415;100453;1288;127;10112860657;S
20240415;100453;1288;71;10112860658;S
20240415;100456;1288.2;5;10112861559;B
20240415;100456;1288.2;5;10112861562;B
20240415;100456;1288.2;6;10112861594;B
20240415;100456;1288.2;6;10112861597;B
20240415;100458;1288.4;1;10112862263;B
20240415;100501;1288.4;6;10112862980;B
20240415;100501;1288.2;60;10112863202;S
20240415;100501;1288.4;1;10112863274;B
20240415;100502;1288.4;1;10112863607;B
20240415;100503;1288.4;10;10112863872;B
20240415;100503;1288.2;1;10112863981;S
20240415;100503;1288.4;2;10112864010;B
20240415;100503;1288.4;1;10112864049;B
20240415;100503;1288.2;10;10112864091;S
20240415;100503;1288.4;50;10112864154;B
20240415;100505;1288.4;1;10112864428;B
20240415;100505;1288.4;27;10112864643;B
20240415;100505;1288.6;25;10112864644;B
20240415;100505;1288.6;52;10112864697;B
20240415;100506;1288.8;5;10112864846;B
20240415;100508;1288.6;4;10112865208;S
20240415;100508;1288.6;2;10112865330;S
20240415;100509;1288.8;1;10112865443;B
20240415;100510;1288.8;10;10112865692;B
20240415;100511;1288.6;3;10112865933;S
20240415;100514;1288.6;10;10112866513;S
20240415;100514;1288.6;12;10112866785;S
20240415;100515;1288.8;2;10112867021;B
20240415;100516;1288.8;2;10112867069;B
20240415;100516;1288.6;1;10112867113;S
20240415;100516;1288.6;13;10112867114;S
20240415;100516;1288.8;10;10112867191;B
20240415;100516;1288.8;24;10112867210;B
20240415;100517;1288.6;3;10112867416;S
20240415;100517;1288.8;1;10112867420;B
20240415;100518;1288.6;5;10112867593;S
20240415;100519;1288.8;87;10112867811;B
20240415;100519;1288.8;1;10112867896;B
20240415;100521;1288.8;122;10112868309;B
20240415;100521;1288.8;78;10112868310;B
20240415;100523;1288.8;18;10112868881;B
20240415;100524;1288.8;1;10112869076;B
20240415;100525;1288.8;3;10112869132;B
20240415;100525;1288.8;10;10112869133;B
20240415;100525;1288.8;181;10112869223;B
20240415;100527;1288.8;1;10112869648;B
20240415;100531;1288.8;1;10112870593;B
20240415;100531;1288.8;12;10112870673;B
20240415;100532;1288.8;4;10112870915;B
20240415;100532;1288.8;5;10112870987;B
20240415;100532;1288.8;6;10112870991;B
20240415;100533;1288.8;1;10112871052;B
20240415;100533;1288.8;1;10112871406;B
20240415;100534;1288.6;20;10112871657;S
20240415;100535;1288.8;2;10112871733;B
20240415;100537;1288.8;176;10112872246;B
20240415;100537;1288.8;4;10112872247;B
20240415;100537;1288.8;4;10112872248;B
20240415;100537;1289;2;10112872249;B
20240415;100537;1289;164;10112872250;B
20240415;100538;1289;22;10112872582;B
20240415;100538;1289;1;10112872584;B
20240415;100539;1288.6;40;10112872809;S
20240415;100539;1289;1;10112872864;B
20240415;100540;1289;1;10112873164;B
20240415;100542;1288.8;30;10112873683;S
20240415;100542;1288.8;2;10112873684;S
20240415;100542;1288.8;50;10112873685;S
20240415;100542;1288.8;51;10112873686;S
20240415;100542;1288.8;12;10112873687;S
20240415;100543;1288.8;12;10112873905;B
20240415;100546;1288.8;80;10112874601;B
20240415;100547;1288.8;2;10112874814;B
20240415;100547;1288.8;2;10112874946;B
20240415;100549;1288.8;40;10112875181;B
20240415;100549;1288.8;35;10112875196;B
20240415;100549;1288.8;20;10112875410;B
20240415;100552;1288.8;5;10112876078;B
20240415;100553;1288.8;5;10112876346;B
20240415;100554;1288.6;1;10112876457;S
20240415;100554;1288.8;3;10112876503;B
20240415;100555;1288.8;2;10112876720;B
20240415;100557;1288.8;1;10112877083;B
20240415;100557;1288.8;5;10112877128;B
20240415;100558;1288.8;1;10112877201;B
20240415;100558;1288.8;1;10112877309;B
20240415;100559;1288.8;1;10112877665;B
20240415;100559;1288.8;1;10112877679;B
20240415;100601;1288.8;1239;10112878051;B
20240415;100601;1288.8;55;10112878052;B
20240415;100601;1289;706;10112878053;B
20240415;100603;1289;500;10112878390;B
20240415;100603;1289;150;10112878639;B
20240415;100604;1288.8;11;10112878670;S
20240415;100604;1288.6;14;10112878671;S
20240415;100604;1288.6;1;10112878672;S
20240415;100604;1288.6;5;10112878673;S
20240415;100605;1289;1;10112879440;B
20240415;100605;1288.8;2;10112879443;S
20240415;100607;1289;10;10112879799;B
20240415;100607;1289;113;10112879868;B
20240415;100607;1288.8;1;10112879873;S
20240415;100608;1289;1;10112880089;B
20240415;100611;1289;34;10112881080;B
20240415;100616;1289;11;10112882049;B
20240415;100616;1289;1;10112882194;B
20240415;100617;1289;1;10112882431;B
20240415;100618;1288.8;1;10112882506;S
20240415;100619;1288.8;1;10112882828;S
20240415;100619;1288.8;1;10112882829;S
20240415;100619;1288.8;13;10112882830;S
20240415;100619;1288.8;5;10112882831;S
20240415;100623;1289;3;10112883522;B
20240415;100623;1288.8;1;10112883574;S
20240415;100623;1288.6;14;10112883575;S
20240415;100625;1288.8;57;10112884423;B
20240415;100625;1288.8;57;10112884467;B
20240415;100625;1289;234;10112884523;B
20240415;100625;1289;46;10112884569;B
20240415;100625;1289;1;10112884570;B
20240415;100625;1289;20;10112884571;B
20240415;100625;1289;5;10112884572;B
20240415;100625;1289;36;10112884573;B
20240415;100625;1289;14;10112884601;B
20240415;100625;1289.2;5;10112884607;B
20240415;100625;1289.2;93;10112884608;B
20240415;100625;1289.2;1;10112884609;B
20240415;100625;1289.2;10;10112884610;B
20240415;100625;1289.2;93;10112884644;B
20240415;100625;1289.4;1;10112884645;B
20240415;100625;1289.4;93;10112884646;B
20240415;100625;1289.4;35;10112884647;B
20240415;100625;1289.2;20;10112884653;S
20240415;100625;1289.2;1;10112884691;B
20240415;100625;1289.2;49;10112884730;B
20240415;100625;1289.4;10;10112884881;B
20240415;100625;1289.4;139;10112884882;B
20240415;100625;1289.4;93;10112884883;B
20240415;100626;1289.6;44;10112885057;B
20240415;100626;1289.4;10;10112885193;S
20240415;100626;1289.6;40;10112885219;B
20240415;100627;1289.6;9;10112885379;B
20240415;100627;1289.6;4;10112885380;B
20240415;100627;1289.6;24;10112885381;B
20240415;100627;1289.6;36;10112885433;B
20240415;100628;1289.6;940;10112885666;B
20240415;100628;1289.6;50;10112885667;B
20240415;100628;1289.6;93;10112885668;B
20240415;100628;1289.8;4;10112885669;B
20240415;100628;1289.8;250;10112885670;B
20240415;100628;1289.8;5;10112885671;B
20240415;100628;1289.8;158;10112885672;B
20240415;100628;1289.6;1;10112885673;S
20240415;100628;1289.8;54;10112885857;B
20240415;100628;1289.6;1;10112885963;S
20240415;100629;1289.8;3;10112886038;B
20240415;100629;1289.6;1;10112886083;S
20240415;100629;1289.6;56;10112886084;S
20240415;100629;1289.6;2;10112886085;S
20240415;100629;1289.6;41;10112886086;S
20240415;100629;1289.8;5;10112886295;B
20240415;100630;1289.8;80;10112886596;B
20240415;100630;1289.8;101;10112886597;B
20240415;100630;1289.8;10;10112886598;B
20240415;100630;1289.8;10;10112886599;B
20240415;100630;1289.8;5;10112886600;B
20240415;100630;1289.8;569;10112886601;B
20240415;100631;1289.8;51;10112887043;B
20240415;100631;1289.8;51;10112887081;B
20240415;100632;1289.8;1;10112887320;B
20240415;100634;1289.6;3;10112887944;S
20240415;100635;1289.8;500;10112888300;B
20240415;100637;1289.8;388;10112888741;B
20240415;100637;1289.8;50;10112888771;B
20240415;100637;1289.8;1;10112888795;B
20240415;100637;1289.8;389;10112888813;B
20240415;100637;1289.8;7;10112888814;B
20240415;100637;1289.8;104;10112888815;B
20240415;100637;1289.8;2;10112888816;B
20240415;100637;1289.8;30;10112888879;B
20240415;100637;1289.8;1;10112888914;B
20240415;100638;1289.8;1;10112888983;B
20240415;100638;1289.8;1;10112889082;B
20240415;100638;1289.8;1;10112889128;B
20240415;100638;1289.8;1;10112889129;B
20240415;100638;1289.8;1;10112889209;B
20240415;100639;1289.8;1;10112889284;B
20240415;100640;1289.8;157;10112889413;B
20240415;100640;1290;70;10112889414;B
20240415;100640;1290;2;10112889415;B
20240415;100640;1290;20;10112889416;B
20240415;100640;1290;3;10112889417;B
20240415;100640;1290;10;10112889418;B
20240415;100640;1290;10;10112889419;B
20240415;100640;1290;228;10112889420;B
20240415;100640;1290;13;10112889421;B
20240415;100641;1290;1;10112889755;B
20240415;100641;1289.8;15;10112889774;S
20240415;100642;1290;57;10112890007;B
20240415;100642;1290;1;10112890015;B
20240415;100642;1290;1;10112890034;B
20240415;100642;1290;56;10112890035;B
20240415;100643;1290;2;10112890191;B
20240415;100643;1289.8;10;10112890222;S
20240415;100643;1290;50;10112890224;B
20240415;100643;1290;1;10112890284;B
20240415;100643;1290;2;10112890329;B
20240415;100643;1290;1;10112890353;B
20240415;100644;1290;3;10112890550;B
20240415;100644;1290;3;10112890551;B
20240415;100644;1290;15;10112890585;B
20240415;100644;1290;1;10112890586;B
20240415;100644;1290;66;10112890634;B
20240415;100644;1290;5;10112890635;B
20240415;100644;1290;1;10112890636;B
20240415;100644;1290;15;10112890637;B
20240415;100644;1290;5;10112890638;B
20240415;100644;1290;100;10112890639;B
20240415;100644;1290.2;37;10112890640;B
20240415;100644;1290.4;150;10112890641;B
20240415;100644;1290.4;61;10112890642;B
20240415;100644;1290.4;2;10112890643;B
20240415;100644;1290.8;2;10112890751;B
20240415;100644;1290.8;10;10112890752;B
20240415;100644;1290.8;11;10112890753;B
20240415;100644;1290.8;23;10112890755;B
20240415;100645;1290.8;1;10112890950;B
20240415;100646;1290.8;11;10112891054;B
20240415;100646;1290.8;11;10112891086;B
20240415;100646;1290.8;1;10112891089;B
20240415;100646;1290.8;1;10112891090;B
20240415;100646;1290.8;1;10112891092;B
20240415;100646;1290.8;1;10112891128;B
20240415;100646;1290.8;62;10112891217;B
20240415;100646;1290.8;5;10112891256;B
20240415;100646;1290.8;56;10112891260;B
20240415;100647;1290.8;40;10112891544;B
20240415;100647;1290.8;1;10112891550;B
20240415;100647;1290.8;25;10112891558;B
20240415;100647;1290.8;21;10112891559;B
20240415;100647;1290.8;6;10112891575;B
20240415;100647;1290.8;1;10112891627;B
20240415;100648;1290.8;3;10112891670;B
20240415;100648;1290.8;1;10112891671;B
20240415;100648;1290.8;18;10112891706;B
20240415;100648;1290.8;5;10112891707;B
20240415;100648;1290.8;5;10112891708;B
20240415;100648;1291;2;10112891709;B
20240415;100648;1291;24;10112891710;B
20240415;100648;1291;26;10112891720;B
20240415;100648;1291;28;10112891721;B
20240415;100648;1291;1;10112891748;B
20240415;100648;1290.8;2;10112891787;S
20240415;100648;1291;1;10112891825;B
20240415;100648;1291;11;10112891919;B
20240415;100648;1291;11;10112891934;B
20240415;100648;1291;23;10112891945;B
20240415;100648;1291;12;10112891946;B
20240415;100648;1291;18;10112891966;B
20240415;100648;1291;10;10112891967;B
20240415;100648;1291;7;10112891968;B
20240415;100648;1291;1;10112891974;B
20240415;100648;1291;1;10112891975;B
20240415;100648;1291;1;10112891979;B
20240415;100648;1291;2;10112891980;B
20240415;100648;1291;60;10112892006;B
20240415;100648;1291;5;10112892007;B
20240415;100648;1291;62;10112892009;B
20240415;100648;1291;33;10112892077;B
20240415;100648;1291.4;21;10112892134;B
20240415;100648;1291.4;50;10112892167;B
20240415;100649;1291.4;7;10112892185;B
20240415;100649;1291.4;3;10112892238;B
20240415;100649;1291.4;56;10112892292;B
20240415;100649;1291.4;64;10112892308;B
20240415;100649;1291.4;18;10112892325;B
20240415;100649;1291.4;6;10112892332;B
20240415;100649;1291.4;6;10112892352;B
20240415;100649;1291.4;1;10112892379;B
20240415;100650;1291.4;1;10112892478;B
20240415;100650;1291.4;1;10112892479;B
20240415;100650;1291.4;1;10112892480;B
20240415;100650;1291.4;1;10112892498;B
20240415;100650;1291.4;1;10112892505;B
20240415;100650;1291.4;1;10112892525;B
20240415;100650;1291.4;5;10112892637;B
20240415;100651;1291.4;1;10112892761;B
20240415;100651;1291.4;1;10112892762;B
20240415;100651;1291.4;5;10112892775;B
20240415;100651;1291.4;5;10112892776;B
20240415;100651;1291.4;15;10112892777;B
20240415;100651;1291.4;68;10112892778;B
20240415;100651;1291.6;20;10112892779;B
20240415;100651;1291.6;93;10112892780;B
20240415;100651;1291.6;64;10112892781;B
20240415;100651;1291.8;250;10112892782;B
20240415;100651;1291.8;50;10112892783;B
20240415;100651;1291.8;6;10112892784;B
20240415;100651;1291.8;93;10112892785;B
20240415;100651;1291.8;2;10112892786;B
20240415;100651;1291.8;10;10112892787;B
20240415;100651;1291.8;139;10112892788;B
20240415;100651;1292;50;10112892789;B
20240415;100651;1292;10;10112892790;B
20240415;100651;1292;5;10112892791;B
20240415;100651;1292;10;10112892792;B
20240415;100651;1292;2;10112892793;B
20240415;100651;1292;10;10112892794;B
20240415;100651;1292;13;10112892795;B
20240415;100651;1292;15;10112892796;B
20240415;100651;1292;5;10112892797;B
20240415;100652;1291.6;64;10112892919;S
20240415;100652;1291.6;156;10112892920;S
20240415;100652;1291.4;12;10112892921;S
20240415;100652;1291.4;28;10112892922;S
20240415;100652;1291.4;1;10112892933;S
20240415;100652;1291.4;1;10112892964;S
20240415;100652;1291.6;3;10112893092;S
20240415;100653;1291.6;8;10112893516;S
20240415;100654;1292;97;10112893554;B
20240415;100654;1292;18;10112893751;B
20240415;100654;1292;30;10112893752;B
20240415;100654;1292;13;10112893753;B
20240415;100654;1292;64;10112893754;B
20240415;100655;1291.8;1;10112893911;S
20240415;100655;1291.8;506;10112894022;S
20240415;100655;1291.8;64;10112894023;S
20240415;100655;1291.8;322;10112894024;S
20240415;100655;1291.6;8;10112894025;S
20240415;100656;1292;8;10112894056;B
20240415;100656;1292;10;10112894281;B
20240415;100657;1291.6;4;10112894560;S
20240415;100657;1291.6;4;10112894561;S
20240415;100657;1291.6;2;10112894562;S
20240415;100658;1292;130;10112894690;B
20240415;100658;1291.6;4;10112894694;S
20240415;100659;1292;9;10112894903;B
20240415;100659;1291.6;25;10112895001;S
20240415;100659;1291.6;25;10112895002;S
20240415;100659;1291.6;64;10112895003;S
20240415;100659;1291.4;100;10112895004;S
20240415;100659;1291.4;3;10112895005;S
20240415;100659;1291.2;12;10112895006;S
20240415;100659;1291.2;600;10112895007;S
20240415;100659;1291;93;10112895008;S
20240415;100659;1291;78;10112895009;S
20240415;100700;1291.8;97;10112895250;B
20240415;100700;1291;1;10112895359;S
20240415;100701;1291.8;5;10112895598;B
20240415;100701;1292;50;10112895604;B
20240415;100703;1292;4;10112896084;B
20240415;100705;1292;11;10112896285;B
20240415;100705;1291.6;1;10112896291;S
20240415;100708;1292;214;10112896952;B
20240415;100708;1292;5;10112896953;B
20240415;100708;1292;12;10112896954;B
20240415;100708;1292;1;10112896955;B
20240415;100708;1292;50;10112896956;B
20240415;100708;1292;100;10112896957;B
20240415;100708;1292;1;10112896958;B
20240415;100708;1292;30;10112896959;B
20240415;100708;1292;100;10112896960;B
20240415;100708;1292;63;10112896961;B
20240415;100708;1292.2;1;10112896962;B
20240415;100708;1292.2;1;10112896963;B
20240415;100708;1292.2;20;10112896964;B
20240415;100708;1292.2;93;10112896965;B
20240415;100708;1292.2;1;10112896966;B
20240415;100708;1292.4;15;10112896967;B
20240415;100708;1292.4;10;10112896968;B
20240415;100708;1292.4;20;10112896969;B
20240415;100708;1292.4;93;10112896970;B
20240415;100708;1292.4;54;10112896971;B
20240415;100708;1292.4;139;10112896972;B
20240415;100708;1292.4;727;10112896973;B
20240415;100708;1292.4;94;10112896974;B
20240415;100708;1292.4;156;10112896975;B
20240415;100708;1292;1;10112897101;S
20240415;100708;1291.8;8;10112897102;S
20240415;100709;1292.2;1;10112897169;B
20240415;100710;1292;10;10112897501;B
20240415;100710;1292.2;11;10112897502;B
20240415;100710;1292.2;49;10112897503;B
20240415;100710;1292.2;3;10112897541;B
20240415;100711;1291.8;29;10112897596;S
20240415;100711;1291.8;75;10112897597;S
20240415;100712;1291.8;2;10112897845;B
20240415;100713;1291.6;16;10112898086;S
20240415;100714;1291.8;115;10112898193;B
20240415;100716;1291.6;4;10112898623;S
20240415;100716;1291.8;4;10112898687;B
20240415;100719;1291.8;50;10112899186;B
20240415;100719;1291.8;25;10112899210;B
20240415;100719;1292;61;10112899211;B
20240415;100719;1292;50;10112899212;B
20240415;100719;1292.2;64;10112899213;B
20240415;100719;1292.2;4;10112899231;B
20240415;100719;1292.4;89;10112899232;B
20240415;100719;1292.4;1;10112899233;B
20240415;100719;1292.4;139;10112899234;B
20240415;100719;1292.4;17;10112899235;B
20240415;100720;1292;2;10112899416;S
20240415;100720;1292.4;10;10112899453;B
20240415;100721;1292.4;2;10112899546;B
20240415;100723;1292.4;2;10112899819;B
20240415;100724;1292.4;2;10112900016;B
20240415;100724;1292.2;56;10112900154;S
20240415;100724;1292.4;1;10112900189;B
20240415;100724;1292.4;2;10112900220;B
20240415;100725;1292.4;3;10112900231;B
20240415;100725;1292.4;2;10112900443;B
20240415;100726;1292.2;1;10112900688;S
20240415;100727;1292;8;10112900959;S
20240415;100727;1291.8;12;10112900960;S
20240415;100727;1291.8;60;10112900961;S
20240415;100727;1291.6;4;10112900962;S
20240415;100727;1291.6;2;10112900963;S
20240415;100727;1291.6;1;10112900964;S
20240415;100727;1291.6;1;10112900965;S
20240415;100727;1291.6;102;10112900966;S
20240415;100727;1291.6;5;10112900967;S
20240415;100728;1292.2;2;10112901138;B
20240415;100729;1292.2;2;10112901523;B
20240415;100729;1292.2;10;10112901609;B
20240415;100731;1292;1;10112901879;B
20240415;100732;1292;1;10112902169;B
20240415;100732;1292;50;10112902184;B
20240415;100732;1292;3;10112902211;B
20240415;100732;1292;19;10112902222;B
20240415;100732;1292;1000;10112902230;B
20240415;100735;1292;4;10112903032;B
20240415;100736;1291.8;4;10112903074;S
20240415;100738;1292;1;10112903456;B
20240415;100738;1292;1;10112903462;B
20240415;100738;1292;5;10112903558;B
20240415;100739;1292;2;10112903636;B
20240415;100739;1292;1;10112903717;B
20240415;100740;1292;10;10112903743;B
20240415;100740;1291.8;3;10112903747;S
20240415;100740;1291.4;7;10112903748;S
20240415;100741;1291.6;2;10112904033;B
20240415;100742;1291.6;5;10112904124;B
20240415;100743;1291.6;49;10112904239;B
20240415;100743;1291.4;3;10112904363;S
20240415;100743;1291;5;10112904364;S
20240415;100743;1291;9;10112904365;S
20240415;100744;1291;1;10112904428;S
20240415;100744;1291;8;10112904429;S
20240415;100744;1291;4;10112904430;S
20240415;100744;1291;4;10112904431;S
20240415;100744;1291.4;1;10112904526;B
20240415;100744;1291.4;3;10112904560;B
20240415;100744;1291.4;90;10112904605;B
20240415;100744;1291.4;2;10112904606;B
20240415;100744;1291.4;59;10112904607;B
20240415;100744;1291.6;27;10112904608;B
20240415;100744;1291.6;15;10112904609;B
20240415;100745;1291.4;1;10112904707;B
20240415;100746;1291.4;1;10112904841;B
20240415;100746;1291.4;92;10112904869;B
20240415;100746;1291.4;4;10112904870;B
20240415;100746;1291.4;4;10112904871;B
20240415;100750;1291.4;35;10112905431;B
20240415;100750;1291;2;10112905514;S
20240415;100752;1291.4;2;10112905819;B
20240415;100752;1291;1;10112905842;S
20240415;100753;1291;5;10112905997;S
20240415;100753;1291;1;10112905999;S
20240415;100753;1291;10;10112906082;S
20240415;100754;1290.8;2;10112906224;S
20240415;100754;1290.8;3;10112906225;S
20240415;100754;1291.4;2;10112906363;B
20240415;100754;1291.4;1;10112906364;B
20240415;100754;1291.4;59;10112906365;B
20240415;100754;1291.6;85;10112906366;B
20240415;100754;1291.6;92;10112906367;B
20240415;100754;1291.6;10;10112906368;B
20240415;100754;1291.6;1;10112906369;B
20240415;100755;1291.4;6;10112906423;B
20240415;100755;1291.4;5;10112906437;S
20240415;100755;1291.4;4;10112906528;S
20240415;100755;1291.2;6;10112906529;S
20240415;100756;1291.2;1;10112906594;S
20240415;100758;1291.8;1;10112907395;B
20240415;100800;1291.4;15;10112907853;S
20240415;100800;1291.4;100;10112907856;S
20240415;100800;1291.8;4;10112907876;B
20240415;100800;1291.8;5;10112907877;B
20240415;100801;1291.8;1;10112907983;B
20240415;100802;1291.8;7;10112908219;B
20240415;100802;1291.8;3;10112908220;B
20240415;100802;1291.8;1;10112908221;B
20240415;100802;1291.8;3;10112908222;B
20240415;100802;1291.8;1;10112908223;B
20240415;100802;1291.8;1;10112908224;B
20240415;100805;1291.4;1;10112909005;S
20240415;100808;1291.8;1;10112909568;B
20240415;100808;1291.8;1;10112909635;B
20240415;100809;1291.8;2;10112909745;B
20240415;100809;1291.4;1;10112909770;S
20240415;100810;1291.8;1;10112910050;B
20240415;100810;1291.8;2;10112910051;B
20240415;100812;1291.4;6;10112910425;S
20240415;100812;1291.4;2;10112910426;S
20240415;100812;1291.4;2;10112910427;S
20240415;100814;1291.6;8;10112910688;B
20240415;100814;1291.6;21;10112910689;B
20240415;100814;1291.8;1;10112910738;B
20240415;100814;1291.8;6;10112910739;B
20240415;100814;1291.8;2;10112910740;B
20240415;100815;1291.8;1;10112910980;B
20240415;100816;1291.8;1;10112910987;B
20240415;100816;1291.8;3;10112910988;B
20240415;100816;1291.8;6;10112910989;B
20240415;100817;1291.4;2;10112911222;S
20240415;100818;1291.8;1;10112911324;B
20240415;100818;1291.8;6;10112911325;B
20240415;100819;1291.8;2;10112911543;B
20240415;100819;1291.4;3;10112911643;S
20240415;100819;1291.4;1;10112911644;S
20240415;100820;1291.4;10;10112911783;B
20240415;100821;1291.2;1;10112911828;S
20240415;100821;1291.2;7;10112911829;S
20240415;100821;1291;9;10112911830;S
20240415;100822;1291;2;10112912135;S
20240415;100824;1291.4;1;10112912670;B
20240415;100827;1291.4;1;10112913273;B
20240415;100829;1291.4;44;10112913560;B
20240415;100830;1291.4;1;10112913796;B
20240415;100830;1291.2;50;10112913798;S
20240415;100830;1291.4;18;10112913812;B
20240415;100830;1291.4;22;10112913813;B
20240415;100832;1291.4;2;10112914185;B
20240415;100834;1291.4;1;10112914607;B
20240415;100835;1291.4;3;10112914730;B
20240415;100836;1291.4;11;10112914833;B
20240415;100838;1291.2;10;10112915223;B
20240415;100838;1291.4;11;10112915224;B
20240415;100838;1291.4;1;10112915225;B
20240415;100838;1291.6;10;10112915226;B
20240415;100838;1291.6;1;10112915227;B
20240415;100838;1291.6;1;10112915228;B
20240415;100838;1291.8;220;10112915229;B
20240415;100838;1291.8;1;10112915230;B
20240415;100838;1291.8;10;10112915231;B
20240415;100838;1291.8;3;10112915232;B
20240415;100838;1291.8;10;10112915233;B
20240415;100838;1291.8;94;10112915234;B
20240415;100838;1291.8;96;10112915235;B
20240415;100839;1291;9;10112915397;S
20240415;100839;1291;1;10112915398;S
20240415;100842;1291.8;5;10112916378;B
20240415;100842;1291.8;75;10112916379;B
20240415;100842;1291.8;2;10112916380;B
20240415;100842;1291.8;131;10112916381;B
20240415;100842;1291.8;1;10112916383;B
20240415;100842;1291.6;11;10112916406;S
20240415;100843;1292;207;10112916529;B
20240415;100843;1292;10;10112916620;B
20240415;100844;1292;2;10112916656;B
20240415;100844;1292;25;10112916853;B
20240415;100845;1291.8;10;10112916928;S
20240415;100846;1291.8;21;10112917432;B
20240415;100846;1291.8;5;10112917433;B
20240415;100846;1291.8;14;10112917442;S
20240415;100846;1292;2;10112917477;B
20240415;100846;1291.4;2;10112917533;S
20240415;100848;1291.6;1;10112917950;S
20240415;100850;1291.4;1;10112918309;S
20240415;100852;1291.8;1;10112918759;B
20240415;100853;1291.8;1;10112918893;B
20240415;100854;1292;1;10112919169;B
20240415;100857;1291.6;1;10112919741;S
20240415;100857;1291.4;9;10112919742;S
20240415;100857;1291.4;1;10112919743;S
20240415;100857;1291.4;1;10112919744;S
20240415;100857;1291.4;57;10112919745;S
20240415;100857;1291.4;1;10112919835;B
20240415;100858;1291.4;230;10112920113;B
20240415;100858;1291.6;10;10112920114;B
20240415;100858;1291.6;60;10112920115;B
20240415;100858;1291.6;10;10112920116;B
20240415;100858;1291.8;5;10112920117;B
20240415;100858;1291.8;1;10112920118;B
20240415;100858;1291.8;92;10112920119;B
20240415;100858;1291.8;156;10112920120;B
20240415;100858;1291.8;94;10112920121;B
20240415;100858;1292;655;10112920122;B
20240415;100858;1292;184;10112920123;B
20240415;100858;1291.8;8;10112920256;B
20240415;100858;1291.8;4;10112920317;B
20240415;100858;1291.2;3;10112920467;S
20240415;100859;1291.6;10;10112920556;S
20240415;100859;1291.4;57;10112920557;S
20240415;100859;1291.2;9;10112920558;S
20240415;100859;1291.2;144;10112920559;S
20240415;100859;1291.2;20;10112920689;S
20240415;100859;1291.8;5;10112920721;B
20240415;100900;1291.8;3;10112920831;B
20240415;100900;1291.8;7;10112920889;B
20240415;100900;1291.8;54;10112921064;B
20240415;100903;1291.8;3;10112921826;B
20240415;100904;1291.8;12;10112922202;B
20240415;100906;1292;4;10112922518;B
20240415;100907;1292;12;10112922748;B
20240415;100907;1292;8;10112922749;B
20240415;100908;1291.8;88;10112922968;S
20240415;100908;1291.8;54;10112922969;S
20240415;100911;1291.8;1;10112923595;B
20240415;100911;1291.8;1;10112923601;B
20240415;100913;1291.2;3;10112923906;S
20240415;100920;1291.6;2;10112925089;B
20240415;100923;1291.6;3;10112925596;B
20240415;100924;1291.6;50;10112925724;B
20240415;100925;1291.4;5;10112925791;B
20240415;100926;1291.4;89;10112926556;B
20240415;100926;1291.4;11;10112926557;B
20240415;100927;1291.6;3;10112926910;B
20240415;100927;1291.6;2;10112926937;B
20240415;100928;1291.6;5;10112927100;B
20240415;100930;1291.6;10;10112927386;B
20240415;100931;1291.6;1;10112927768;B
20240415;100931;1291.6;8;10112927795;B
20240415;100931;1291.6;5;10112927852;B
20240415;100931;1291.6;40;10112927879;B
20240415;100932;1291.6;36;10112927973;B
20240415;100933;1291.4;6;10112928138;S
20240415;100933;1291.4;40;10112928139;S
20240415;100934;1291.6;2;10112928273;B
20240415;100934;1291.6;40;10112928297;B
20240415;100934;1291.4;30;10112928306;S
20240415;100934;1291.6;10;10112928336;B
20240415;100934;1291.4;34;10112928418;S
20240415;100934;1291.4;45;10112928419;S
20240415;100935;1291.6;7;10112928556;B
20240415;100935;1291.6;43;10112928557;B
20240415;100936;1291.4;5;10112928748;S
20240415;100936;1291.4;3;10112928752;S
20240415;100936;1291.4;20;10112928772;S
20240415;100937;1291.6;1;10112929060;B
20240415;100941;1291.6;49;10112929846;B
20240415;100941;1291.6;29;10112929847;B
20240415;100942;1291.6;1;10112930067;B
20240415;100943;1291.6;1;10112930153;B
20240415;100943;1291.6;1;10112930187;B
20240415;100943;1291.6;5;10112930188;B
20240415;100943;1291.8;6;10112930189;B
20240415;100943;1291.8;3;10112930190;B
20240415;100949;1291.8;2;10112931263;B
20240415;100950;1291.8;100;10112931535;B
20240415;100952;1291.8;2;10112932028;B
20240415;100952;1291.6;20;10112932066;S
20240415;100953;1291.8;4;10112932136;B
20240415;100958;1291.6;119;10112933126;S
20240415;100958;1291.6;21;10112933127;S
20240415;100958;1291.6;50;10112933128;S
20240415;100958;1291.6;302;10112933129;S
20240415;100958;1291.6;2;10112933130;S
20240415;100958;1291.4;75;10112933131;S
20240415;100958;1291.4;1;10112933132;S
20240415;100958;1291.4;56;10112933133;S
20240415;100958;1291.2;7;10112933134;S
20240415;100958;1291.2;3;10112933135;S
20240415;100958;1291.2;5;10112933136;S
20240415;100958;1291.2;4;10112933137;S
20240415;100958;1291.2;1;10112933138;S
20240415;100958;1291.2;128;10112933139;S
20240415;101005;1291.4;5;10112934809;B
20240415;101005;1291.4;5;10112935049;B
20240415;101006;1291.4;1;10112935248;B
20240415;101011;1291.4;1;10112936171;B
20240415;101012;1291.4;1;10112936341;B
20240415;101013;1291.4;2;10112936612;B
20240415;101013;1291.4;1;10112936613;B
20240415;101013;1291.4;1;10112936614;B
20240415;101013;1291.4;2;10112936615;B
20240415;101013;1291.4;2;10112936616;B
20240415;101013;1291.4;2;10112936617;B
20240415;101015;1291.2;35;10112937046;S
20240415;101016;1291.4;2;10112937152;B
20240415;101016;1291.4;1;10112937153;B
20240415;101016;1291.4;2;10112937154;B
20240415;101016;1291.4;34;10112937155;B
20240415;101017;1291.2;7;10112937211;S
20240415;101019;1291.4;2;10112937674;B
20240415;101020;1291.2;30;10112938072;S
20240415;101020;1291.2;2;10112938073;S
20240415;101020;1291.2;48;10112938074;S
20240415;101022;1291.2;50;10112938360;S
20240415;101023;1291.4;3;10112938528;B
20240415;101023;1291.2;25;10112938569;S
20240415;101025;1291.4;3;10112938940;B
20240415;101030;1291.2;2;10112939664;S
20240415;101031;1291.4;1;10112939804;B
20240415;101033;1291.4;10;10112940005;B
20240415;101033;1291.4;4;10112940006;B
20240415;101033;1291.2;14;10112940007;S
20240415;101033;1291.2;8;10112940008;S
20240415;101033;1291.2;28;10112940009;S
20240415;101033;1291.2;13;10112940011;S
20240415;101033;1291.4;1;10112940074;B
20240415;101034;1291.4;1;10112940271;B
20240415;101038;1291.2;5;10112940783;S
20240415;101039;1291.4;14;10112941020;B
20240415;101039;1291.4;2;10112941021;B
20240415;101039;1291.4;1;10112941022;B
20240415;101039;1291.4;43;10112941023;B
20240415;101039;1291.4;1;10112941024;B
20240415;101039;1291.4;5;10112941025;B
20240415;101039;1291.6;156;10112941026;B
20240415;101039;1291.6;94;10112941027;B
20240415;101039;1291.6;13;10112941028;B
20240415;101039;1291.6;55;10112941029;B
20240415;101039;1291.8;16;10112941030;B
20240415;101039;1291.2;5;10112941057;S
20240415;101039;1291.6;25;10112941087;B
20240415;101039;1291.6;3;10112941130;B
20240415;101040;1291.2;41;10112941229;S
20240415;101040;1291.2;59;10112941230;S
20240415;101043;1291.4;39;10112941679;S
20240415;101045;1291.4;9;10112941973;S
20240415;101048;1291.4;4;10112942448;S
20240415;101049;1291.4;1;10112942573;S
20240415;101049;1291.6;1;10112942622;B
20240415;101051;1291.6;3;10112942877;B
20240415;101053;1291.6;2;10112943185;B
20240415;101053;1291.6;1;10112943316;B
20240415;101054;1291.6;3;10112943378;B
20240415;101057;1291.6;2;10112944061;B
20240415;101058;1291.4;20;10112944239;S
20240415;101101;1291.6;1;10112944679;B
20240415;101101;1291.6;1;10112944703;B
20240415;101105;1291.4;1;10112945410;S
20240415;101107;1291.6;1;10112945741;B
20240415;101107;1291.6;14;10112945780;B
20240415;101110;1291.6;1;10112946106;B
20240415;101110;1291.6;2;10112946197;B
20240415;101111;1291.6;80;10112946462;B
20240415;101112;1291.6;1;10112946572;B
20240415;101113;1291.4;66;10112946700;S
20240415;101113;1291.4;3;10112946701;S
20240415;101113;1291.4;20;10112946702;S
20240415;101113;1291.4;20;10112946703;S
20240415;101113;1291.4;1;10112946704;S
20240415;101113;1291.4;1;10112946705;S
20240415;101113;1291.4;89;10112946706;S
20240415;101118;1291.6;1;10112947809;B
20240415;101122;1291.6;2;10112948562;B
20240415;101124;1291.4;7;10112949093;S
20240415;101125;1291.6;2;10112949167;B
20240415;101126;1291.4;4;10112949316;S
20240415;101126;1291.4;1;10112949317;S
20240415;101126;1291.4;5;10112949318;S
20240415;101126;1291.4;10;10112949319;S
20240415;101128;1291.6;1;10112949838;B
20240415;101129;1291.6;102;10112949896;B
20240415;101129;1291.6;1;10112949897;B
20240415;101129;1291.6;87;10112949898;B
20240415;101130;1291.6;1;10112950092;B
20240415;101130;1291.6;10;10112950181;B
20240415;101132;1291.6;5;10112950573;B
20240415;101132;1291.6;36;10112950650;B
20240415;101132;1291.6;10;10112950651;B
20240415;101132;1291.8;4;10112950652;B
20240415;101134;1291.6;3;10112950961;B
20240415;101137;1291.4;5;10112951595;S
20240415;101141;1291.6;2;10112952436;B
20240415;101144;1291.4;2;10112953099;S
20240415;101145;1291.6;1;10112953212;B
20240415;101152;1291.6;1;10112954387;B
20240415;101152;1291.6;2;10112954571;B
20240415;101153;1291.6;2;10112954654;B
20240415;101157;1291.6;2;10112955446;B
20240415;101157;1291.6;2;10112955457;B
20240415;101158;1291.6;1;10112955970;B
20240415;101158;1291.6;239;10112956033;B
20240415;101158;1291.6;10;10112956034;B
20240415;101158;1291.6;30;10112956035;B
20240415;101158;1291.6;52;10112956036;B
20240415;101158;1291.8;69;10112956037;B
20240415;101158;1291.8;5;10112956038;B
20240415;101158;1291.8;87;10112956039;B
20240415;101158;1291.8;52;10112956040;B
20240415;101158;1291.8;100;10112956041;B
20240415;101158;1291.8;20;10112956042;B
20240415;101158;1291.8;500;10112956043;B
20240415;101158;1291.8;10;10112956044;B
20240415;101158;1291.8;10;10112956045;B
20240415;101158;1291.8;27;10112956046;B
20240415;101203;1291.8;2;10112957061;B
20240415;101204;1291.8;1;10112957377;B
20240415;101205;1291.8;1;10112957459;B
20240415;101211;1291.6;94;10112958552;S
20240415;101212;1291.6;15;10112958710;B
20240415;101215;1291.6;4;10112959153;B
20240415;101216;1291.6;2;10112959297;B
20240415;101218;1291.6;1;10112959613;B
20240415;101219;1291.4;16;10112959889;S
20240415;101220;1291.6;1;10112960089;B
20240415;101221;1291.6;40;10112960250;B
20240415;101223;1291.4;59;10112960584;S
20240415;101224;1291.4;50;10112960652;S
20240415;101225;1291.4;2;10112960790;S
20240415;101228;1291.6;43;10112961239;B
20240415;101228;1291.6;57;10112961240;B
20240415;101229;1291.6;2;10112961505;B
20240415;101230;1291.4;2;10112961648;S
20240415;101230;1291.6;1;10112961650;B
20240415;101231;1291.6;4;10112961941;B
20240415;101232;1291.4;90;10112962117;S
20240415;101232;1291.6;10;10112962300;B
20240415;101234;1291.6;2;10112962777;B
20240415;101234;1291.6;6;10112962826;B
20240415;101238;1291.4;1;10112963410;S
20240415;101238;1291.6;5;10112963484;B
20240415;101240;1291.6;2;10112963717;B
20240415;101241;1291.6;15;10112964039;B
20240415;101242;1291.6;1;10112964294;B
20240415;101243;1291.4;50;10112964340;S
20240415;101245;1291.4;1;10112964642;S
20240415;101247;1291.4;4;10112964917;S
20240415;101247;1291.6;2;10112964919;B
20240415;101250;1291.4;15;10112965504;S
20240415;101250;1291.4;2;10112965505;S
20240415;101250;1291.4;22;10112965506;S
20240415;101250;1291.4;2;10112965507;S
20240415;101250;1291.4;1;10112965508;S
20240415;101250;1291.4;83;10112965509;S
20240415;101252;1291.6;10;10112965836;B
20240415;101254;1291.6;2;10112966236;B
20240415;101255;1291.6;2;10112966343;B
20240415;101256;1291.6;1;10112966455;B
20240415;101258;1291.6;5;10112966981;B
20240415;101300;1291.6;16;10112967328;B
20240415;101300;1291.4;9;10112967422;S
20240415;101300;1291.4;4;10112967423;S
20240415;101300;1291.4;1;10112967424;S
20240415;101300;1291.4;2;10112967425;S
20240415;101300;1291.4;22;10112967426;S
20240415;101301;1291.4;1;10112967750;S
20240415;101302;1291.6;13;10112967813;B
20240415;101302;1291.6;104;10112967844;B
20240415;101302;1291.6;8;10112967845;B
20240415;101302;1291.6;5;10112967846;B
20240415;101302;1291.6;90;10112967847;B
20240415;101302;1291.6;38;10112967848;B
20240415;101302;1291.6;2;10112967849;B
20240415;101304;1291.8;30;10112968111;B
20240415;101304;1291.6;7;10112968146;S
20240415;101304;1291.8;10;10112968241;B
20240415;101304;1291.6;1;10112968263;S
20240415;101307;1291.8;4;10112968832;B
20240415;101308;1291.8;45;10112968878;B
20240415;101308;1291.8;1;10112968879;B
20240415;101311;1291.8;1;10112969559;B
20240415;101311;1291.8;5;10112969560;B
20240415;101311;1291.8;2;10112969561;B
20240415;101311;1291.8;1;10112969584;B
20240415;101312;1291.6;7;10112969681;S
20240415;101313;1291.8;1;10112969909;B
20240415;101314;1291.6;5;10112969980;S
20240415;101316;1291.8;1;10112970445;B
20240415;101318;1291.8;1;10112970917;B
20240415;101319;1291.8;30;10112971015;B
20240415;101320;1291.6;70;10112971204;S
20240415;101322;1291.8;1;10112971552;B
20240415;101322;1291.6;5;10112971560;S
20240415;101325;1291.6;5;10112972061;S
20240415;101325;1291.6;99;10112972083;S
20240415;101326;1291.8;2;10112972368;B
20240415;101329;1291.8;25;10112972898;B
20240415;101329;1291.8;38;10112972965;B
20240415;101329;1291.8;30;10112972966;B
20240415;101329;1291.8;2;10112972967;B
20240415;101329;1291.8;200;10112972968;B
20240415;101329;1291.8;50;10112972969;B
20240415;101329;1291.8;1;10112972970;B
20240415;101329;1291.8;20;10112972971;B
20240415;101329;1291.8;5;10112972972;B
20240415;101329;1291.8;4;10112972973;B
20240415;101329;1291.8;10;10112972974;B
20240415;101329;1291.8;1;10112972975;B
20240415;101329;1291.8;2;10112972976;B
20240415;101329;1291.8;1;10112972977;B
20240415;101329;1291.8;113;10112972978;B
20240415;101329;1291.8;73;10112972979;B
20240415;101329;1291.8;50;10112972980;B
20240415;101331;1291.6;13;10112973241;S
20240415;101335;1291.8;16;10112973979;B
20240415;101337;1291.8;2;10112974427;B
20240415;101339;1291.6;4;10112974707;S
20240415;101341;1291.6;37;10112975176;S
20240415;101341;1291.6;5;10112975177;S
20240415;101341;1291.6;8;10112975178;S
20240415;101344;1291.6;30;10112975758;S
20240415;101345;1291.8;4;10112975996;B
20240415;101347;1291.6;54;10112976294;S
20240415;101347;1291.6;9;10112976295;S
20240415;101347;1291.6;37;10112976296;S
20240415;101348;1291.8;10;10112976424;B
20240415;101350;1291.8;8;10112976779;B
20240415;101351;1291.8;21;10112976843;B
20240415;101355;1291.6;3;10112977594;S
20240415;101359;1291.6;25;10112978239;S
20240415;101359;1291.6;1;10112978258;S
20240415;101400;1291.6;2;10112978567;S
20240415;101401;1291.6;12;10112978684;S
20240415;101401;1291.6;1;10112978685;S
20240415;101401;1291.6;1;10112978686;S
20240415;101401;1291.6;3;10112978687;S
20240415;101401;1291.6;2;10112978688;S
20240415;101401;1291.6;1;10112978689;S
20240415;101401;1291.6;2;10112978690;S
20240415;101401;1291.6;2;10112978691;S
20240415;101401;1291.6;6;10112978692;S
20240415;101401;1291.8;7;10112978814;B
20240415;101404;1291.8;2;10112979347;B
20240415;101407;1291.6;3;10112979769;S
20240415;101407;1291.8;131;10112979867;B
20240415;101407;1291.8;2;10112979868;B
20240415;101407;1291.8;110;10112979869;B
20240415;101407;1291.8;10;10112979870;B
20240415;101407;1291.8;82;10112979871;B
20240415;101407;1291.8;156;10112979872;B
20240415;101407;1291.8;94;10112979873;B
20240415;101407;1291.8;3;10112979874;B
20240415;101407;1291.8;11;10112979875;B
20240415;101407;1291.8;25;10112979876;B
20240415;101407;1291.8;25;10112979877;B
20240415;101407;1291.8;500;10112979878;B
20240415;101407;1291.8;210;10112979879;B
20240415;101407;1292;23;10112979880;B
20240415;101407;1292;1;10112979881;B
20240415;101407;1292;20;10112979882;B
20240415;101407;1292;50;10112979883;B
20240415;101407;1292;50;10112979884;B
20240415;101407;1292;100;10112979885;B
20240415;101407;1292;339;10112979886;B
20240415;101410;1291.6;5;10112980262;S
20240415;101410;1291.8;1;10112980364;B
20240415;101410;1291.6;2;10112980537;S
20240415;101411;1291.6;76;10112980631;S
20240415;101411;1291.6;1;10112980632;S
20240415;101411;1291.6;20;10112980633;S
20240415;101411;1291.6;130;10112980634;S
20240415;101411;1291.6;50;10112980635;S
20240415;101413;1291.6;2;10112980898;B
20240415;101415;1291.6;4;10112981188;B
20240415;101415;1291.6;54;10112981198;B
20240415;101415;1291.6;104;10112981236;B
20240415;101415;1291.6;54;10112981249;B
20240415;101415;1291.6;14;10112981282;B
20240415;101415;1291.6;14;10112981300;B
20240415;101415;1291.6;40;10112981310;B
20240415;101415;1291.6;47;10112981330;B
20240415;101415;1291.6;7;10112981336;B
20240415;101415;1291.4;1;10112981496;S
20240415;101415;1291.4;16;10112981497;S
20240415;101417;1291.6;1;10112981806;B
20240415;101418;1291.6;1;10112981977;B
20240415;101419;1291.4;30;10112982151;S
20240415;101419;1291.4;92;10112982152;S
20240415;101419;1291.4;15;10112982153;S
20240415;101419;1291.4;3;10112982154;S
20240415;101419;1291.4;252;10112982155;S
20240415;101419;1291.4;7;10112982156;S
20240415;101422;1291.4;3;10112982574;B
20240415;101422;1291.2;9;10112982610;S
20240415;101422;1291.2;83;10112982653;S
20240415;101422;1291.2;5;10112982654;S
20240415;101422;1291.2;1;10112982655;S
20240415;101422;1291.2;1;10112982656;S
20240415;101422;1291.2;10;10112982657;S
20240415;101422;1291.2;40;10112982730;S
20240415;101424;1291.4;21;10112982891;B
20240415;101425;1291.4;60;10112983070;B
20240415;101428;1291.2;4;10112983573;S
20240415;101430;1291.2;5;10112983844;S
20240415;101435;1291.4;2;10112984830;B
20240415;101437;1291.4;5;10112985304;B
20240415;101438;1291.4;25;10112985481;B
20240415;101441;1291.2;50;10112986263;S
20240415;101445;1291.4;10;10112986962;B
20240415;101445;1291.2;33;10112986979;S
20240415;101447;1291.4;1;10112987137;B
20240415;101452;1291.4;2;10112988065;B
20240415;101452;1291.4;3;10112988098;B
20240415;101452;1291.2;13;10112988141;S
20240415;101459;1291.2;232;10112989240;S
20240415;101459;1291.2;3;10112989241;S
20240415;101459;1291.2;185;10112989242;S
20240415;101459;1291.2;1;10112989243;S
20240415;101459;1291.2;92;10112989244;S
20240415;101459;1291.2;1;10112989245;S
20240415;101459;1291.2;3;10112989246;S
20240415;101459;1291;30;10112989247;S
20240415;101459;1291;34;10112989248;S
20240415;101459;1291;1;10112989249;S
20240415;101459;1291;12;10112989250;S
20240415;101459;1291;2284;10112989251;S
20240415;101459;1291;2;10112989252;S
20240415;101459;1291;1;10112989253;S
20240415;101459;1291;2500;10112989254;S
20240415;101459;1291;10;10112989255;S
20240415;101459;1291;20;10112989256;S
20240415;101459;1291;3;10112989257;S
20240415;101459;1291;10;10112989258;S
20240415;101459;1291;1;10112989259;S
20240415;101459;1291;12;10112989260;S
20240415;101459;1291;8;10112989261;S
20240415;101459;1291;7;10112989262;S
20240415;101459;1291;1;10112989263;S
20240415;101459;1291;2;10112989264;S
20240415;101459;1291;1000;10112989265;S
20240415;101459;1291;1;10112989266;S
20240415;101459;1291;17;10112989267;S
20240415;101459;1291;1;10112989268;S
20240415;101459;1291;5;10112989269;S
20240415;101459;1291;20;10112989270;S
20240415;101459;1291;1;10112989271;S
20240415;101459;1291;92;10112989272;S
20240415;101459;1291;56;10112989273;S
20240415;101459;1291;1;10112989274;S
20240415;101459;1291;1;10112989275;S
20240415;101459;1291;20;10112989276;S
20240415;101459;1291;139;10112989277;S
20240415;101459;1291;1;10112989278;S
20240415;101459;1291;7;10112989279;S
20240415;101459;1290.8;1;10112989340;S
20240415;101459;1290.8;2;10112989387;S
20240415;101459;1290.8;2;10112989388;S
20240415;101459;1290.6;5;10112989389;S
20240415;101459;1290.6;100;10112989390;S
20240415;101459;1290.4;5;10112989391;S
20240415;101459;1290.4;50;10112989392;S
20240415;101459;1290.4;5;10112989393;S
20240415;101459;1290.4;56;10112989394;S
20240415;101459;1290.4;57;10112989395;S
20240415;101459;1290.2;15;10112989396;S
20240415;101459;1290.2;219;10112989397;S
20240415;101459;1290.2;50;10112989398;S
20240415;101459;1290.2;50;10112989399;S
20240415;101459;1290.2;10;10112989400;S
20240415;101459;1290.2;15;10112989401;S
20240415;101459;1290;1;10112989402;S
20240415;101459;1290;1;10112989403;S
20240415;101459;1290;1;10112989404;S
20240415;101459;1290;1;10112989405;S
20240415;101459;1290;5;10112989406;S
20240415;101459;1290;2;10112989407;S
20240415;101459;1290;500;10112989408;S
20240415;101459;1290;1;10112989409;S
20240415;101459;1290;1;10112989410;S
20240415;101459;1290;5;10112989411;S
20240415;101459;1290;4;10112989412;S
20240415;101459;1290;1;10112989413;S
20240415;101459;1290;1;10112989414;S
20240415;101459;1290;1;10112989415;S
20240415;101459;1290;1;10112989416;S
20240415;101459;1290;1;10112989417;S
20240415;101459;1290;14;10112989418;S
20240415;101459;1290;1;10112989419;S
20240415;101459;1290;10;10112989420;S
20240415;101459;1290;1;10112989421;S
20240415;101459;1290;5;10112989422;S
20240415;101459;1290;300;10112989423;S
20240415;101459;1290;3;10112989424;S
20240415;101459;1290;139;10112989425;S
20240415;101459;1290;12;10112989426;S
20240415;101459;1289.8;92;10112989427;S
20240415;101459;1289.6;1;10112989428;S
20240415;101459;1289.6;7;10112989429;S
20240415;101459;1289.6;92;10112989430;S
20240415;101459;1289.6;97;10112989431;S
20240415;101459;1289.4;10;10112989433;S
20240415;101500;1289.6;1;10112989560;B
20240415;101500;1289.6;1;10112989576;B
20240415;101500;1289.4;90;10112989589;S
20240415;101500;1289.4;20;10112989590;S
20240415;101500;1289.2;60;10112989607;S
20240415;101500;1289.6;1;10112989616;B
20240415;101500;1289.2;10;10112989618;S
20240415;101500;1289.2;20;10112989619;S
20240415;101500;1289.2;2;10112989621;S
20240415;101500;1289.2;48;10112989622;S
20240415;101501;1289.6;50;10112989729;B
20240415;101501;1289.6;1;10112989830;B
20240415;101506;1289.8;15;10112991222;B
20240415;101507;1289.6;4;10112991519;B
20240415;101508;1289.6;1;10112991814;B
20240415;101508;1289.6;2;10112991859;B
20240415;101511;1289.2;100;10112992430;S
20240415;101514;1289.6;1;10112993642;B
20240415;101515;1289.2;5;10112993725;S
20240415;101515;1289.2;1;10112993793;S
20240415;101515;1289.6;12;10112993898;B
20240415;101516;1289.2;2;10112994017;S
20240415;101517;1289.6;1;10112994181;B
20240415;101517;1289.2;3;10112994201;S
20240415;101517;1289.6;2;10112994350;B
20240415;101520;1289;4;10112995252;S
20240415;101521;1289.6;2;10112995398;B
20240415;101522;1289.6;5;10112995636;B
20240415;101523;1289.6;1;10112995966;B
20240415;101525;1289.2;1;10112996443;S
20240415;101527;1289.4;52;10112996947;B
20240415;101527;1289.6;5;10112996948;B
20240415;101527;1289.6;43;10112996949;B
20240415;101530;1289.8;1;10112997704;B
20240415;101530;1289.8;1;10112997712;B
20240415;101532;1289.8;8;10112998574;B
20240415;101533;1289.8;2;10112998693;B
20240415;101533;1289.2;1;10112998723;S
20240415;101533;1289.2;1;10112998750;S
20240415;101534;1289.2;32;10112999097;S
20240415;101538;1289.2;94;10112999946;S
20240415;101538;1289.2;6;10112999947;S
20240415;101540;1289.4;1;10113000394;B
20240415;101543;1289.8;3;10113001152;B
20240415;101543;1289.8;146;10113001153;B
20240415;101543;1290;12;10113001154;B
20240415;101543;1290;6;10113001155;B
20240415;101543;1290;6;10113001156;B
20240415;101543;1290;27;10113001157;B
20240415;101543;1289.6;5;10113001233;S
20240415;101543;1289.6;35;10113001234;S
20240415;101544;1290;6;10113001499;B
20240415;101545;1289.6;5;10113001811;S
20240415;101546;1289.6;20;10113001979;S
20240415;101548;1289.6;1;10113002479;S
20240415;101549;1289.6;1;10113002733;S
20240415;101550;1289.6;13;10113002872;S
20240415;101550;1289.6;7;10113002873;S
20240415;101552;1289.6;8;10113003407;S
20240415;101552;1289.6;2;10113003408;S
20240415;101556;1289.6;3;10113004246;S
20240415;101600;1290;1;10113005309;B
20240415;101602;1289.8;9;10113005720;B
20240415;101604;1289.8;11;10113006382;B
20240415;101604;1290;74;10113006383;B
20240415;101606;1290;3;10113006770;B
20240415;101608;1290;14;10113007338;B
20240415;101611;1289.8;2;10113007999;S
20240415;101611;1290;1;10113008102;B
20240415;101613;1289.8;2;10113008462;S
20240415;101614;1290;50;10113008861;B
20240415;101615;1290;1;10113009017;B
20240415;101618;1290;10;10113009812;B
20240415;101618;1290;1;10113009831;B
20240415;101620;1289.8;1;10113010309;S
20240415;101620;1290;2;10113010444;B
20240415;101621;1290;19;10113010613;B
20240415;101622;1290;1;10113010945;B
20240415;101623;1289.8;44;10113011100;S
20240415;101624;1290;3;10113011255;B
20240415;101625;1290;3;10113011551;B
20240415;101627;1290;3;10113011920;B
20240415;101627;1289.8;5;10113011921;S
20240415;101627;1289.8;5;10113011922;S
20240415;101628;1290;1;10113012198;B
20240415;101629;1290;14;10113012428;B
20240415;101629;1290;2;10113012429;B
20240415;101629;1290;10;10113012430;B
20240415;101629;1290;39;10113012431;B
20240415;101629;1290;46;10113012432;B
20240415;101629;1290;50;10113012433;B
20240415;101629;1290.2;1;10113012434;B
20240415;101629;1290.2;12;10113012435;B
20240415;101629;1290.2;8;10113012436;B
20240415;101629;1290.4;220;10113012437;B
20240415;101629;1290.4;1;10113012438;B
20240415;101629;1290.6;92;10113012439;B
20240415;101629;1290.6;139;10113012440;B
20240415;101629;1290.8;92;10113012441;B
20240415;101629;1290.8;5;10113012442;B
20240415;101629;1290.8;69;10113012443;B
20240415;101631;1290.4;1;10113013625;B
20240415;101631;1290;11;10113013681;S
20240415;101636;1290.4;9;10113014698;B
20240415;101638;1290;10;10113015193;S
20240415;101641;1290;5;10113015686;S
20240415;101642;1290.2;10;10113015852;B
20240415;101643;1290;5;10113016164;S
20240415;101645;1290.2;10;10113016386;B
20240415;101647;1290;1;10113016983;S
20240415;101647;1290.2;1;10113017178;B
20240415;101647;1290.2;44;10113017179;B
20240415;101647;1290.4;5;10113017180;B
20240415;101649;1290.2;31;10113017585;S
20240415;101649;1290;62;10113017586;S
20240415;101649;1290;1;10113017587;S
20240415;101649;1290;10;10113017588;S
20240415;101649;1290;50;10113017589;S
20240415;101649;1290;1;10113017590;S
20240415;101649;1290;44;10113017591;S
20240415;101649;1289.8;33;10113017592;S
20240415;101652;1290;1;10113018347;B
20240415;101653;1290.2;2;10113018736;B
20240415;101657;1290;1;10113019691;B
20240415;101659;1289.8;4;10113020483;S
20240415;101700;1290;2;10113020556;B
20240415;101700;1289.8;2;10113020664;S
20240415;101700;1289.8;8;10113020665;S
20240415;101701;1290;18;10113020778;B
20240415;101701;1290;7;10113020779;B
20240415;101702;1290.2;1;10113021123;B
20240415;101705;1290.2;6;10113022143;B
20240415;101707;1290;3;10113022470;S
20240415;101709;1290.2;1;10113022988;B
20240415;101709;1290.2;36;10113022989;B
20240415;101710;1290.4;4;10113023094;B
20240415;101711;1290.4;2;10113023274;B
20240415;101711;1290.4;1;10113023465;B
20240415;101712;1290.4;31;10113023665;B
20240415;101714;1290.4;3;10113024027;B
20240415;101714;1290.4;3;10113024033;B
20240415;101715;1290.4;12;10113024272;B
20240415;101716;1290;1;10113024526;S
20240415;101721;1290.2;94;10113025875;S
20240415;101722;1290.2;1;10113025986;B
20240415;101722;1290;1;10113026104;S
20240415;101722;1290;5;10113026105;S
20240415;101722;1290;3;10113026106;S
20240415;101722;1290;4;10113026107;S
20240415;101722;1290;1;10113026108;S
20240415;101722;1290;1;10113026109;S
20240415;101728;1290;20;10113027341;B
20240415;101730;1290;15;10113027690;B
20240415;101730;1290;94;10113027691;B
20240415;101730;1290;10;10113027692;B
20240415;101731;1290.2;3;10113027801;B
20240415;101731;1290;7;10113027928;S
20240415;101732;1290.2;2;10113028189;B
20240415;101732;1290.2;8;10113028190;B
20240415;101733;1290;1;10113028211;S
20240415;101738;1290.2;7;10113029701;B
20240415;101738;1290.2;5;10113029725;B
20240415;101738;1290.4;66;10113029726;B
20240415;101738;1290.4;75;10113029732;B
20240415;101738;1290.4;11;10113029757;B
20240415;101738;1290.4;5;10113029782;B
20240415;101738;1290.4;5;10113029786;B
20240415;101738;1290.4;12;10113029803;B
20240415;101738;1290.4;12;10113029809;B
20240415;101738;1290.4;11;10113029827;B
20240415;101738;1290.4;23;10113029832;B
20240415;101738;1290.4;12;10113029847;B
20240415;101740;1290.4;7;10113030487;B
20240415;101740;1290.4;7;10113030490;B
20240415;101740;1290.4;46;10113030525;B
20240415;101740;1290.4;46;10113030526;B
20240415;101742;1290.4;4;10113030780;B
20240415;101742;1290.4;4;10113030790;B
20240415;101742;1290.2;1;10113030806;S
20240415;101742;1290.4;4;10113030816;B
20240415;101742;1290.4;4;10113030832;B
20240415;101742;1290.4;3;10113030837;B
20240415;101742;1290.4;7;10113030860;B
20240415;101742;1290.4;43;10113030879;B
20240415;101742;1290.4;39;10113030894;B
20240415;101742;1290.4;8;10113030939;B
20240415;101742;1290.4;8;10113030958;B
20240415;101742;1290.4;20;10113030964;B
20240415;101742;1290.6;9;10113030965;B
20240415;101742;1290.8;4;10113031026;B
20240415;101742;1291;46;10113031028;B
20240415;101742;1291;17;10113031030;B
20240415;101744;1290.8;61;10113031416;S
20240415;101745;1291;3;10113031536;B
20240415;101753;1291;1;10113033676;B
20240415;101753;1290.8;4;10113033693;S
20240415;101755;1290.8;2;10113034235;S
20240415;101800;1290.8;181;10113035123;S
20240415;101800;1290.8;1;10113035124;S
20240415;101800;1290.8;33;10113035125;S
20240415;101805;1290.4;1;10113035935;B
20240415;101805;1290.4;1;10113035936;B
20240415;101810;1290.4;1;10113036870;B
20240415;101812;1290.4;1;10113037071;B
20240415;101812;1290.4;32;10113037072;B
20240415;101812;1290.4;7;10113037073;B
20240415;101814;1290.4;8;10113037473;B
20240415;101814;1290.4;8;10113037475;B
20240415;101816;1290.2;12;10113037699;S
20240415;101816;1290.2;1;10113037700;S
20240415;101816;1290.2;4;10113037701;S
20240415;101817;1290;1;10113038166;S
20240415;101821;1290.2;13;10113038840;B
20240415;101821;1290.2;32;10113038841;B
20240415;101821;1290.2;1;10113038842;B
20240415;101821;1290.4;61;10113038843;B
20240415;101821;1290.4;2;10113038844;B
20240415;101821;1290.6;94;10113038845;B
20240415;101821;1290.6;1;10113038846;B
20240415;101821;1290.6;2;10113038847;B
20240415;101821;1290.6;2;10113038848;B
20240415;101821;1290.6;1;10113038849;B
20240415;101821;1290.6;3;10113038850;B
20240415;101821;1290.6;2;10113038851;B
20240415;101821;1290.6;1;10113038852;B
20240415;101821;1290.6;35;10113038853;B
20240415;101821;1290.4;94;10113038888;B
20240415;101821;1290.4;6;10113038889;B
20240415;101823;1290.4;1;10113039205;B
20240415;101826;1290.4;2;10113039933;B
20240415;101827;1290;2;10113040084;S
20240415;101830;1290.2;1;10113040705;S
20240415;101830;1290.2;5;10113040749;S
20240415;101831;1290.4;26;10113040991;B
20240415;101831;1290.4;32;10113040992;B
20240415;101831;1290.4;24;10113040993;B
20240415;101831;1290.6;12;10113040994;B
20240415;101831;1290.6;6;10113040995;B
20240415;101832;1290.2;1;10113041183;S
20240415;101832;1290.6;119;10113041216;B
20240415;101832;1290.8;1;10113041229;B
20240415;101835;1290.8;10;10113041936;B
20240415;101836;1290.6;10;10113042220;S
20240415;101837;1290.8;4;10113042315;B
20240415;101837;1290.6;1;10113042329;S
20240415;101837;1290.6;9;10113042330;S
20240415;101837;1290.4;1;10113042439;S
20240415;101841;1290.6;94;10113043135;S
20240415;101841;1290.4;156;10113043136;S
20240415;101843;1290.4;19;10113043582;S
20240415;101844;1290.2;1;10113043851;S
20240415;101846;1290.6;1;10113044615;B
20240415;101849;1290.4;1;10113045196;S
20240415;101849;1290.2;38;10113045197;S
20240415;101854;1290.2;11;10113046228;B
20240415;101854;1290.4;8;10113046229;B
20240415;101855;1290.2;5;10113046578;S
20240415;101856;1290.4;3;10113047068;B
20240415;101858;1290.4;15;10113047504;B
20240415;101858;1290.6;60;10113047505;B
20240415;101858;1290.6;20;10113047506;B
20240415;101858;1290.6;2;10113047507;B
20240415;101858;1290.8;93;10113047508;B
20240415;101902;1290.2;1;10113048533;B
20240415;101902;1290.4;76;10113048534;B
20240415;101904;1290.4;10;10113049078;B
20240415;101905;1290.2;1;10113049270;S
20240415;101907;1290.4;2;10113049618;B
20240415;101914;1290.4;250;10113051480;B
20240415;101918;1290.4;2;10113052269;B
20240415;101920;1290.4;1;10113052898;B
20240415;101922;1290.4;8;10113053570;B
20240415;101923;1290.4;3;10113053842;B
20240415;101926;1290.4;3;10113054808;B
20240415;101926;1290.2;1;10113054860;S
20240415;101928;1290.4;1;10113055404;B
20240415;101929;1290.2;20;10113055513;S
20240415;101929;1290.2;2;10113055622;S
20240415;101932;1290.2;7;10113056467;S
20240415;101935;1290.2;15;10113057043;S
20240415;101935;1290.2;2;10113057044;S
20240415;101935;1290.2;2;10113057045;S
20240415;101935;1290.2;31;10113057046;S
20240415;101936;1290.4;5;10113057259;B
20240415;101939;1290.4;639;10113058078;B
20240415;101939;1290.4;39;10113058079;B
20240415;101939;1290.8;371;10113058080;B
20240415;101940;1290.2;10;10113058229;S
20240415;101940;1290.2;94;10113058230;S
20240415;101940;1290.2;39;10113058231;S
20240415;101940;1290.2;113;10113058232;S
20240415;101941;1290.8;1;10113058391;B
20240415;101942;1290.8;12;10113058718;B
20240415;101942;1290.8;58;10113058719;B
20240415;101943;1290.6;1;10113058819;S
20240415;101943;1290.4;1;10113058820;S
20240415;101943;1290.8;5;10113058877;B
20240415;101945;1290.8;2;10113059551;B
20240415;101949;1290.8;1;10113060350;B
20240415;101950;1290.8;1;10113060640;B
20240415;101951;1290.6;1;10113060770;S
20240415;101959;1290.8;7;10113062968;B
20240415;102002;1290.8;3;10113063567;B
20240415;102003;1290.8;10;10113063928;B
20240415;102008;1290.8;1;10113065207;B
20240415;102009;1290.6;4;10113065361;S
20240415;102009;1290.6;3;10113065580;S
20240415;102014;1290.8;10;10113066968;B
20240415;102018;1290.8;2;10113068092;B
20240415;102018;1290.8;4;10113068093;B
20240415;102018;1290.8;4;10113068094;B
20240415;102019;1290.6;84;10113068392;S
20240415;102022;1290.8;1;10113068970;B
20240415;102024;1290.8;1;10113070549;B
20240415;102027;1290.8;10;10113073121;B
20240415;102027;1290.8;10;10113073122;B
20240415;102027;1290.8;1;10113073123;B
20240415;102027;1290.8;1;10113073124;B
20240415;102027;1290.8;2;10113073125;B
20240415;102027;1290.8;1;10113073126;B
20240415;102027;1290.8;1;10113073127;B
20240415;102027;1290.8;1;10113073128;B
20240415;102027;1290.8;1;10113073129;B
20240415;102027;1290.8;1;10113073130;B
20240415;102027;1290.8;32;10113073131;B
20240415;102027;1291;59;10113073132;B
20240415;102029;1290.8;38;10113073555;S
20240415;102029;1290.8;27;10113073556;S
20240415;102029;1290.6;2;10113073557;S
20240415;102029;1290.6;3;10113073558;S
20240415;102029;1290.6;16;10113073559;S
20240415;102029;1290.6;2;10113073560;S
20240415;102029;1290.6;1;10113073561;S
20240415;102029;1290.6;12;10113073562;S
20240415;102029;1290.6;156;10113073563;S
20240415;102029;1290.6;94;10113073564;S
20240415;102029;1290.4;10;10113073565;S
20240415;102029;1290.4;100;10113073566;S
20240415;102029;1290.4;200;10113073567;S
20240415;102029;1290.4;12;10113073568;S
20240415;102029;1290.2;1;10113073569;S
20240415;102029;1290.2;1;10113073570;S
20240415;102029;1290.2;312;10113073571;S
20240415;102029;1290.2;13;10113073572;S
20240415;102029;1290.6;2;10113073636;S
20240415;102029;1290.6;3;10113073637;S
20240415;102029;1290.6;5;10113073638;S
20240415;102031;1290.8;1;10113074047;B
20240415;102036;1290.6;2;10113077252;S
20240415;102039;1290.6;9;10113077755;S
20240415;102039;1290.6;1;10113077756;S
20240415;102040;1290.8;5;10113077911;B
20240415;102043;1290.8;6;10113078880;B
20240415;102043;1290.8;139;10113078881;B
20240415;102043;1290.8;15;10113078882;B
20240415;102043;1290.8;94;10113078883;B
20240415;102043;1291;57;10113078884;B
20240415;102043;1291;359;10113078885;B
20240415;102043;1291;100;10113078886;B
20240415;102043;1291;2;10113078887;B
20240415;102043;1291;1;10113078888;B
20240415;102043;1291;3;10113078889;B
20240415;102043;1291;1;10113078890;B
20240415;102043;1291;20;10113078891;B
20240415;102043;1291;7;10113078892;B
20240415;102043;1291;38;10113078893;B
20240415;102050;1291;235;10113082260;S
20240415;102052;1291.2;10;10113083107;B
20240415;102052;1291.2;28;10113083108;B
20240415;102053;1291;1;10113083329;S
20240415;102054;1291.2;10;10113084098;B
20240415;102056;1291;50;10113084409;S
20240415;102100;1291.2;3;10113086292;B
20240415;102100;1291;47;10113086351;S
20240415;102107;1291.2;2;10113089598;B
20240415;102111;1291.2;49;10113091273;B
20240415;102111;1291.2;10;10113091274;B
20240415;102111;1291.2;38;10113091275;B
20240415;102111;1291.2;3;10113091276;B
20240415;102113;1291;1;10113092032;S
20240415;102114;1291;11;10113092191;S
20240415;102117;1291;50;10113093898;S
20240415;102118;1291.2;1;10113094490;B
20240415;102121;1291;5;10113095160;S
20240415;102121;1291;4;10113095482;S
20240415;102122;1291.2;3;10113095718;B
20240415;102123;1291.2;5;10113095850;B
20240415;102124;1291.2;7;10113096076;B
20240415;102124;1291.2;3;10113096249;B
20240415;102125;1291.2;1;10113096304;B
20240415;102126;1291.2;4;10113096951;B
20240415;102126;1291.2;1;10113096958;B
20240415;102128;1291;1;10113098643;S
20240415;102128;1291.2;1;10113098649;B
20240415;102132;1291;30;10113099972;S
20240415;102134;1291.2;1;10113100498;B
20240415;102135;1291.2;15;10113100793;B
20240415;102135;1291.2;6;10113100942;B
20240415;102138;1291.2;3;10113102013;B
20240415;102139;1291.2;1;10113102644;B
20240415;102139;1291;9;10113102846;S
20240415;102142;1291.2;2;10113103782;B
20240415;102142;1291.2;3;10113103790;B
20240415;102147;1291;2;10113105993;S
20240415;102152;1291.2;4;10113107485;B
20240415;102152;1291.2;50;10113107548;B
20240415;102153;1291;1;10113107822;S
20240415;102155;1291.2;39;10113108723;B
20240415;102155;1291.2;5;10113108724;B
20240415;102155;1291.2;56;10113108725;B
20240415;102155;1291;1;10113108800;S
20240415;102155;1291.2;7;10113108879;B
20240415;102156;1291.2;1;10113109008;B
20240415;102200;1291.2;1;10113111006;B
20240415;102200;1291.2;22;10113111086;B
20240415;102203;1291.2;2;10113111762;B
20240415;102204;1291.2;2;10113111927;B
20240415;102204;1291.2;11;10113111969;B
20240415;102208;1291.2;112;10113113419;B
20240415;102208;1291.2;286;10113113570;B
20240415;102208;1291.2;400;10113113571;B
20240415;102208;1291.2;1;10113113572;B
20240415;102208;1291.2;46;10113113573;B
20240415;102208;1291.2;228;10113113574;B
20240415;102212;1291.4;5;10113116104;B
20240415;102215;1291.4;5;10113116900;B
20240415;102215;1291.4;10;10113116901;B
20240415;102215;1291.4;5;10113116902;B
20240415;102215;1291.4;57;10113116903;B
20240415;102221;1291.2;1;10113119042;S
20240415;102228;1291.4;1;10113121171;B
20240415;102229;1291.2;20;10113121858;S
20240415;102229;1291.4;1;10113122114;B
20240415;102231;1291.2;2;10113122442;S
20240415;102233;1291.4;1;10113123406;B
20240415;102236;1291.2;16;10113124475;S
20240415;102236;1291.2;9;10113124476;S
20240415;102237;1291.4;1;10113125283;B
20240415;102240;1291.4;2;10113126699;B
20240415;102241;1291.4;3;10113126791;B
20240415;102242;1291.4;1;10113127038;B
20240415;102243;1291.4;1;10113127218;B
20240415;102245;1291.4;1;10113128093;B
20240415;102249;1291.4;33;10113130463;B
20240415;102249;1291.4;5;10113130464;B
20240415;102249;1291.4;121;10113130465;B
20240415;102252;1291.2;1;10113131157;S
20240415;102252;1291.4;6;10113131164;B
20240415;102254;1291.4;8;10113131741;B
20240415;102255;1291.4;31;10113131784;B
20240415;102255;1291.4;2;10113132149;B
20240415;102256;1291.4;70;10113132389;B
20240415;102256;1291.4;7;10113132390;B
20240415;102257;1291.4;3;10113132629;B
20240415;102258;1291.4;18;10113132883;B
20240415;102302;1291.4;57;10113134333;B
20240415;102302;1291.4;25;10113134360;B
20240415;102302;1291.4;32;10113134361;B
20240415;102302;1291.4;17;10113134390;B
20240415;102302;1291.4;17;10113134428;B
20240415;102302;1291.4;36;10113134437;B
20240415;102302;1291.4;9;10113134438;B
20240415;102302;1291.4;34;10113134469;B
20240415;102302;1291.4;11;10113134470;B
20240415;102303;1291.4;1;10113134899;B
20240415;102304;1291.2;10;10113135080;S
20240415;102304;1291.2;10;10113135103;S
20240415;102304;1291.2;10;10113135127;S
20240415;102304;1291.2;10;10113135571;S
20240415;102304;1291.2;10;10113135809;S
20240415;102305;1291.4;1;10113135922;B
20240415;102305;1291.2;10;10113135950;S
20240415;102305;1291.2;10;10113135997;S
20240415;102305;1291.2;10;10113136028;S
20240415;102305;1291.2;10;10113136061;S
20240415;102305;1291.2;10;10113136085;S
20240415;102307;1291.4;451;10113136565;B
20240415;102307;1291.4;6;10113136566;B
20240415;102307;1291.2;96;10113136584;S
20240415;102307;1291.2;1;10113136585;S
20240415;102307;1291.2;2;10113136586;S
20240415;102307;1291.2;1;10113136587;S
20240415;102307;1291.2;1;10113136588;S
20240415;102307;1291.2;1;10113136589;S
20240415;102307;1291.2;1;10113136590;S
20240415;102307;1291.2;51;10113136591;S
20240415;102308;1291.4;2;10113136837;B
20240415;102309;1291.4;4;10113137041;B
20240415;102312;1291.4;5;10113139568;B
20240415;102314;1291.4;10;10113139914;B
20240415;102315;1291.2;20;10113140025;S
20240415;102315;1291.4;1;10113140082;B
20240415;102315;1291.2;9;10113140144;S
20240415;102315;1291.2;40;10113140145;S
20240415;102317;1291.4;2;10113140772;B
20240415;102318;1291.4;80;10113141615;B
20240415;102318;1291.4;5;10113141616;B
20240415;102318;1291.6;115;10113141617;B
20240415;102319;1291.4;18;10113141888;S
20240415;102320;1291.6;53;10113142037;B
20240415;102320;1291.4;100;10113142310;S
20240415;102321;1291.4;3;10113142484;S
20240415;102327;1291.6;10;10113144583;B
20240415;102330;1291.6;1;10113146010;B
20240415;102334;1291.6;10;10113147534;B
20240415;102335;1291.6;8;10113147877;B
20240415;102335;1291.6;50;10113147892;B
20240415;102336;1291.6;1;10113148219;B
20240415;102336;1291.4;5;10113148290;S
20240415;102338;1291.4;2;10113148843;S
20240415;102341;1291.6;31;10113151201;B
20240415;102343;1291.4;100;10113151596;S
20240415;102347;1291.6;1;10113152625;B
20240415;102347;1291.6;2;10113152714;B
20240415;102348;1291.6;2;10113152786;B
20240415;102354;1291.4;20;10113154214;S
20240415;102355;1291.6;232;10113154696;B
20240415;102358;1291.6;2;10113157335;B
20240415;102401;1291.6;10;10113158066;B
20240415;102402;1291.6;76;10113158365;B
20240415;102404;1291.6;15;10113159506;B
20240415;102404;1291.6;1;10113159876;B
20240415;102405;1291.4;1;10113160721;S
20240415;102406;1291.6;1;10113160994;B
20240415;102406;1291.4;7;10113161023;S
20240415;102411;1291.6;1;10113162430;B
20240415;102411;1291.4;61;10113162466;S
20240415;102420;1291.4;16;10113164938;S
20240415;102420;1291.6;2;10113164998;B
20240415;102421;1291.6;5;10113165095;B
20240415;102422;1291.6;2;10113165424;B
20240415;102425;1291.4;20;10113168010;S
20240415;102426;1291.4;142;10113168263;S
20240415;102428;1291.6;1;10113168843;B
20240415;102432;1291.6;1;10113170109;B
20240415;102432;1291.6;15;10113170180;B
20240415;102436;1291.6;8;10113171207;B
20240415;102436;1291.6;1;10113171278;B
20240415;102436;1291.4;2;10113171399;S
20240415;102436;1291.4;1;10113171400;S
20240415;102436;1291.4;7;10113171401;S
20240415;102437;1291.6;1;10113171604;B
20240415;102438;1291.6;2;10113171773;B
20240415;102441;1291.4;8;10113172359;S
20240415;102442;1291.6;16;10113173276;B
20240415;102447;1291.6;1;10113175224;B
20240415;102451;1291.6;1;10113176107;B
20240415;102456;1291.6;10;10113178861;B
20240415;102459;1291.6;1;10113179660;B
20240415;102500;1291.6;15;10113179951;B
20240415;102500;1291.6;17;10113180005;B
20240415;102501;1291.6;2;10113180060;B
20240415;102505;1291.4;33;10113181336;S
20240415;102505;1291.4;1;10113181337;S
20240415;102505;1291.4;15;10113181338;S
20240415;102505;1291.4;23;10113181339;S
20240415;102505;1291.4;8;10113181340;S
